<?xml version="1.0" encoding="UTF-8"?>
<!DOCTYPE html PUBLIC "-//W3C//DTD XHTML 1.0 Transitional//EN"
    "http://www.w3.org/TR/xhtml1/DTD/xhtml1-transitional.dtd">
<html xmlns="http://www.w3.org/1999/xhtml" xml:lang="en" lang="en">
 <head>
  <title>
</title>
<meta http-equiv="Content-Type" content="text/html;charset=utf-8" />
  <meta name='ocr-system' content='tesseract 3.04.00' />
  <meta name='ocr-capabilities' content='ocr_page ocr_carea ocr_par ocr_line ocrx_word'/>
</head>
<body>
  <div class='ocr_page' id='page_1' title='image "./deamiciti00ciceuoft_0038.png"; bbox 0 0 1708 2642; ppageno 0'>
   <div class='ocr_carea' id='block_1_1' title="bbox 183 111 1084 149">
    <p class='ocr_par' dir='ltr' id='par_1_1' title="bbox 183 111 1084 149">
     <span class='ocr_line' id='line_1_1' title="bbox 183 111 1084 149; baseline -0.007 -1"><span class='ocrx_word' id='word_1_1' title='bbox 183 111 236 149; x_wconf 81' lang='lat'><strong>34</strong></span> <span class='ocrx_word' id='word_1_2' title='bbox 611 116 763 144; x_wconf 80' lang='lat' dir='ltr'>CICERO</span> <span class='ocrx_word' id='word_1_3' title='bbox 792 117 849 143; x_wconf 82' lang='lat' dir='ltr'><strong>DE</strong></span> <span class='ocrx_word' id='word_1_4' title='bbox 877 115 1084 143; x_wconf 78' lang='lat' dir='ltr'><strong>AMIcrrIA.</strong></span> 
     </span>
    </p>
   </div>
   <div class='ocr_carea' id='block_1_2' title="bbox 184 206 1538 2333">
    <p class='ocr_par' dir='ltr' id='par_1_2' title="bbox 184 206 1514 576">
     <span class='ocr_line' id='line_1_2' title="bbox 184 206 1510 252; baseline -0.003 -6"><span class='ocrx_word' id='word_1_5' title='bbox 184 210 296 246; x_wconf 88' lang='lat' dir='ltr'><strong>modo</strong></span> <span class='ocrx_word' id='word_1_6' title='bbox 314 208 445 250; x_wconf 85' lang='lat' dir='ltr'><strong>verbis,</strong></span> <span class='ocrx_word' id='word_1_7' title='bbox 464 208 527 243; x_wconf 89' lang='lat' dir='ltr'><strong>sed</strong></span> <span class='ocrx_word' id='word_1_8' title='bbox 545 207 659 243; x_wconf 86' lang='lat' dir='ltr'><strong>etiam</strong></span> <span class='ocrx_word' id='word_1_9' title='bbox 684 219 791 252; x_wconf 89' lang='lat' dir='ltr'><strong>opere</strong></span> <span class='ocrx_word' id='word_1_10' title='bbox 808 206 957 241; x_wconf 89' lang='lat' dir='ltr'><strong>levandi</strong></span> <span class='ocrx_word' id='word_1_11' title='bbox 975 209 1071 241; x_wconf 90' lang='lat' dir='ltr'><strong>sunt.</strong></span> <span class='ocrx_word' id='word_1_12' title='bbox 1121 207 1175 242; x_wconf 88' lang='lat'><strong>73.</strong></span> <span class='ocrx_word' id='word_1_13' title='bbox 1203 206 1366 242; x_wconf 84' lang='lat' dir='ltr'><strong>Tantum</strong></span> <span class='ocrx_word' id='word_1_14' title='bbox 1383 210 1510 242; x_wconf 86' lang='lat' dir='ltr'><strong>autem</strong></span> 
     </span>
     <span class='ocr_line' id='line_1_3' title="bbox 186 253 1510 302; baseline -0.004 -9"><span class='ocrx_word' id='word_1_15' title='bbox 186 258 318 302; x_wconf 87' lang='lat' dir='ltr'><strong>cuique</strong></span> <span class='ocrx_word' id='word_1_16' title='bbox 337 256 586 296; x_wconf 85' lang='lat' dir='ltr'><strong>tribuendum,</strong></span> <span class='ocrx_word' id='word_1_17' title='bbox 603 255 768 300; x_wconf 89' lang='lat' dir='ltr'><strong>primum</strong></span> <span class='ocrx_word' id='word_1_18' title='bbox 781 259 963 298; x_wconf 87' lang='lat' dir='ltr'><strong>quantum</strong></span> <span class='ocrx_word' id='word_1_19' title='bbox 974 253 1051 297; x_wconf 86' lang='lat' dir='ltr'><strong>ipse</strong></span> <span class='ocrx_word' id='word_1_20' title='bbox 1070 253 1214 288; x_wconf 85' lang='lat' dir='ltr'><strong>efficere</strong></span> <span class='ocrx_word' id='word_1_21' title='bbox 1230 254 1360 298; x_wconf 91' lang='lat' dir='ltr'><strong>possis,</strong></span> <span class='ocrx_word' id='word_1_22' title='bbox 1379 254 1510 289; x_wconf 88' lang='lat' dir='ltr'><strong>deinde</strong></span> 
     </span>
     <span class='ocr_line' id='line_1_4' title="bbox 186 300 1511 353; baseline -0.003 -13"><span class='ocrx_word' id='word_1_23' title='bbox 186 305 302 340; x_wconf 88' lang='lat' dir='ltr'><strong>etiam</strong></span> <span class='ocrx_word' id='word_1_24' title='bbox 320 307 501 348; x_wconf 88' lang='lat' dir='ltr'><strong>quantum</strong></span> <span class='ocrx_word' id='word_1_25' title='bbox 518 303 591 343; x_wconf 89' lang='lat' dir='ltr'><strong>ille,</strong></span> <span class='ocrx_word' id='word_1_26' title='bbox 609 314 719 346; x_wconf 84' lang='lat' dir='ltr'><strong>quem</strong></span> <span class='ocrx_word' id='word_1_27' title='bbox 732 302 861 346; x_wconf 76' lang='lat' dir='ltr'>diligas</span> <span class='ocrx_word' id='word_1_28' title='bbox 875 304 985 353; x_wconf 66' lang='lat' dir='ltr'><strong>atque</strong></span> <span class='ocrx_word' id='word_1_29' title='bbox 1004 300 1165 341; x_wconf 83' lang='lat' dir='ltr'><strong>adiuves,</strong></span> <span class='ocrx_word' id='word_1_30' title='bbox 1184 301 1376 336; x_wconf 87' lang='lat' dir='ltr'><strong>sustinere.</strong></span> <span class='ocrx_word' id='word_1_31' title='bbox 1426 302 1511 336; x_wconf 89' lang='lat' dir='ltr'><strong>Non</strong></span> 
     </span>
     <span class='ocr_line' id='line_1_5' title="bbox 189 348 1512 394; baseline -0.003 -8"><span class='ocrx_word' id='word_1_32' title='bbox 189 352 290 387; x_wconf 89' lang='lat' dir='ltr'><strong>enim</strong></span> <span class='ocrx_word' id='word_1_33' title='bbox 307 362 426 394; x_wconf 89' lang='lat' dir='ltr'><strong>neque</strong></span> <span class='ocrx_word' id='word_1_34' title='bbox 443 353 485 384; x_wconf 90' lang='lat' dir='ltr'><strong>tu</strong></span> <span class='ocrx_word' id='word_1_35' title='bbox 502 349 631 394; x_wconf 86' lang='lat' dir='ltr'><strong>possis,</strong></span> <span class='ocrx_word' id='word_1_36' title='bbox 650 349 820 393; x_wconf 82' lang='lat' dir='ltr'><strong>quamvis</strong></span> <span class='ocrx_word' id='word_1_37' title='bbox 847 348 1012 388; x_wconf 76' lang='lat' dir='ltr'><strong>excellas,</strong></span> <span class='ocrx_word' id='word_1_38' title='bbox 1038 359 1167 382; x_wconf 90' lang='lat' dir='ltr'><strong>omnes</strong></span> <span class='ocrx_word' id='word_1_39' title='bbox 1191 352 1275 382; x_wconf 89' lang='lat' dir='ltr'><strong>tuos</strong></span> <span class='ocrx_word' id='word_1_40' title='bbox 1293 349 1339 382; x_wconf 85' lang='lat' dir='ltr'><strong>ad</strong></span> <span class='ocrx_word' id='word_1_41' title='bbox 1354 349 1512 383; x_wconf 85' lang='lat' dir='ltr'><strong>honores</strong></span> 
     </span>
     <span class='ocr_line' id='line_1_6' title="bbox 190 395 1513 443; baseline -0.002 -10"><span class='ocrx_word' id='word_1_42' title='bbox 190 398 440 443; x_wconf 89' lang='lat' dir='ltr'><strong>amplissimos</strong></span> <span class='ocrx_word' id='word_1_43' title='bbox 467 397 676 441; x_wconf 81' lang='lat' dir='ltr'><strong>perducere,</strong></span> <span class='ocrx_word' id='word_1_44' title='bbox 698 399 739 430; x_wconf 92' lang='lat' dir='ltr'><strong>ut</strong></span> <span class='ocrx_word' id='word_1_45' title='bbox 759 395 880 439; x_wconf 76' lang='lat' dir='ltr'><strong>scipio</strong></span> <span class='ocrx_word' id='word_1_46' title='bbox 908 396 947 428; x_wconf 87' lang='lat' dir='ltr'><strong>P.</strong></span> <span class='ocrx_word' id='word_1_47' title='bbox 975 395 1167 439; x_wconf 83' lang='lat' dir='ltr'><strong>Rupilium</strong></span> <span class='ocrx_word' id='word_1_48' title='bbox 1184 395 1304 439; x_wconf 83' lang='lat' dir='ltr'><strong>potuit</strong></span> <span class='ocrx_word' id='word_1_49' title='bbox 1322 396 1513 430; x_wconf 87' lang='lat' dir='ltr'><strong>consulem</strong></span> 
     </span>
     <span class='ocr_line' id='line_1_7' title="bbox 190 442 1514 486; baseline -0.003 -6"><span class='ocrx_word' id='word_1_50' title='bbox 190 446 346 485; x_wconf 88' lang='lat' dir='ltr'><strong>efficere,</strong></span> <span class='ocrx_word' id='word_1_51' title='bbox 366 445 517 478; x_wconf 83' lang='lat' dir='ltr'><strong>fratrem</strong></span> <span class='ocrx_word' id='word_1_52' title='bbox 536 444 613 478; x_wconf 89' lang='lat' dir='ltr'><strong>eius</strong></span> <span class='ocrx_word' id='word_1_53' title='bbox 632 444 673 477; x_wconf 90' lang='lat' dir='ltr'><strong>L.</strong></span> <span class='ocrx_word' id='word_1_54' title='bbox 692 455 765 477; x_wconf 84' lang='lat' dir='ltr'><strong>non</strong></span> <span class='ocrx_word' id='word_1_55' title='bbox 783 442 913 486; x_wconf 85' lang='lat' dir='ltr'><strong>potuit.</strong></span> <span class='ocrx_word' id='word_1_56' title='bbox 948 442 1086 483; x_wconf 81' lang='lat' dir='ltr'>Quodsi</span> <span class='ocrx_word' id='word_1_57' title='bbox 1104 442 1217 476; x_wconf 89' lang='lat' dir='ltr'><strong>etiam</strong></span> <span class='ocrx_word' id='word_1_58' title='bbox 1233 442 1350 486; x_wconf 89' lang='lat' dir='ltr'><strong>possis</strong></span> <span class='ocrx_word' id='word_1_59' title='bbox 1368 442 1514 486; x_wconf 81' lang='lat' dir='ltr'><strong>quidvis</strong></span> 
     </span>
     <span class='ocr_line' id='line_1_8' title="bbox 192 489 1513 534; baseline -0.002 -7"><span class='ocrx_word' id='word_1_60' title='bbox 192 493 331 527; x_wconf 84' lang='lat' dir='ltr'><strong>deferre</strong></span> <span class='ocrx_word' id='word_1_61' title='bbox 359 492 407 525; x_wconf 88' lang='lat' dir='ltr'><strong>ad</strong></span> <span class='ocrx_word' id='word_1_62' title='bbox 435 491 605 532; x_wconf 87' lang='lat' dir='ltr'><strong>alterum,</strong></span> <span class='ocrx_word' id='word_1_63' title='bbox 634 490 835 524; x_wconf 81' lang='lat' dir='ltr'><strong>videndum</strong></span> <span class='ocrx_word' id='word_1_64' title='bbox 866 492 921 523; x_wconf 89' lang='lat' dir='ltr'><strong>est</strong></span> <span class='ocrx_word' id='word_1_65' title='bbox 948 493 1086 530; x_wconf 87' lang='lat' dir='ltr'><strong>tamen,</strong></span> <span class='ocrx_word' id='word_1_66' title='bbox 1105 489 1193 533; x_wconf 87' lang='lat' dir='ltr'><strong>quid</strong></span> <span class='ocrx_word' id='word_1_67' title='bbox 1218 489 1278 524; x_wconf 84' lang='lat' dir='ltr'><strong>ille</strong></span> <span class='ocrx_word' id='word_1_68' title='bbox 1303 489 1418 534; x_wconf 87' lang='lat' dir='ltr'><strong>possit</strong></span> <span class='ocrx_word' id='word_1_69' title='bbox 1436 501 1513 524; x_wconf 88' lang='lat' dir='ltr'><strong>sus-</strong></span> 
     </span>
     <span class='ocr_line' id='line_1_9' title="bbox 192 540 505 576; baseline -0.01 -1"><span class='ocrx_word' id='word_1_70' title='bbox 192 540 320 575; x_wconf 88' lang='lat' dir='ltr'><strong>tinere.</strong></span> <span class='ocrx_word' id='word_1_71' title='bbox 503 571 505 576; x_wconf 87' lang='grc'><strong>,</strong></span> 
     </span>
    </p>

    <p class='ocr_par' dir='ltr' id='par_1_3' title="bbox 193 582 1528 1621">
     <span class='ocr_line' id='line_1_10' title="bbox 242 582 1514 628; baseline -0.002 -8"><span class='ocrx_word' id='word_1_72' title='bbox 242 588 297 621; x_wconf 85' lang='lat'><strong>74.</strong></span> <span class='ocrx_word' id='word_1_73' title='bbox 325 585 486 620; x_wconf 83' lang='lat' dir='ltr'>Omnino</span> <span class='ocrx_word' id='word_1_74' title='bbox 505 584 689 619; x_wconf 71' lang='lat' dir='ltr'><strong>amicitiae</strong></span> <span class='ocrx_word' id='word_1_75' title='bbox 717 583 967 618; x_wconf 76' lang='lat' dir='ltr'><strong>conroboratis</strong></span> <span class='ocrx_word' id='word_1_76' title='bbox 984 582 1061 617; x_wconf 87' lang='lat' dir='ltr'><strong>iam</strong></span> <span class='ocrx_word' id='word_1_77' title='bbox 1087 583 1389 628; x_wconf 86' lang='lat' dir='ltr'><strong>confirmatisque</strong></span> <span class='ocrx_word' id='word_1_78' title='bbox 1408 587 1443 618; x_wconf 90' lang='lat' dir='ltr'><strong>et</strong></span> <span class='ocrx_word' id='word_1_79' title='bbox 1460 583 1514 617; x_wconf 90' lang='lat' dir='ltr'><strong>in-</strong></span> 
     </span>
     <span class='ocr_line' id='line_1_11' title="bbox 193 630 1515 678; baseline -0.002 -11"><span class='ocrx_word' id='word_1_80' title='bbox 193 634 310 678; x_wconf 83' lang='lat' dir='ltr'><strong>geniis</strong></span> <span class='ocrx_word' id='word_1_81' title='bbox 339 641 374 667; x_wconf 88' lang='lat' dir='ltr'><strong>et</strong></span> <span class='ocrx_word' id='word_1_82' title='bbox 405 632 587 667; x_wconf 89' lang='lat' dir='ltr'><strong>aetatibus</strong></span> <span class='ocrx_word' id='word_1_83' title='bbox 614 632 831 665; x_wconf 82' lang='lat' dir='ltr'><strong>iudicandae</strong></span> <span class='ocrx_word' id='word_1_84' title='bbox 861 634 958 671; x_wconf 88' lang='lat' dir='ltr'><strong>sunt,</strong></span> <span class='ocrx_word' id='word_1_85' title='bbox 983 643 1062 671; x_wconf 91' lang='lat' dir='ltr'><strong>nec,</strong></span> <span class='ocrx_word' id='word_1_86' title='bbox 1089 630 1119 665; x_wconf 88' lang='lat' dir='ltr'><strong>si</strong></span> <span class='ocrx_word' id='word_1_87' title='bbox 1137 631 1199 675; x_wconf 89' lang='lat' dir='ltr'><strong>qui</strong></span> <span class='ocrx_word' id='word_1_88' title='bbox 1217 631 1368 665; x_wconf 88' lang='lat' dir='ltr'><strong>ineunte</strong></span> <span class='ocrx_word' id='word_1_89' title='bbox 1394 634 1515 665; x_wconf 87' lang='lat' dir='ltr'><strong>aetate</strong></span> 
     </span>
     <span class='ocr_line' id='line_1_12' title="bbox 195 677 1516 724; baseline -0.003 -9"><span class='ocrx_word' id='word_1_90' title='bbox 195 681 356 716; x_wconf 89' lang='lat' dir='ltr'><strong>venandi</strong></span> <span class='ocrx_word' id='word_1_91' title='bbox 373 683 437 714; x_wconf 89' lang='lat' dir='ltr'><strong>aut</strong></span> <span class='ocrx_word' id='word_1_92' title='bbox 453 679 549 724; x_wconf 88' lang='lat' dir='ltr'><strong>pilae</strong></span> <span class='ocrx_word' id='word_1_93' title='bbox 568 679 721 713; x_wconf 75' lang='lat' dir='ltr'><strong>studiosi</strong></span> <span class='ocrx_word' id='word_1_94' title='bbox 747 678 906 718; x_wconf 85' lang='lat' dir='ltr'><strong>fuerunt,</strong></span> <span class='ocrx_word' id='word_1_95' title='bbox 934 690 995 711; x_wconf 90' lang='lat' dir='ltr'><strong>eos</strong></span> <span class='ocrx_word' id='word_1_96' title='bbox 1016 677 1151 712; x_wconf 87' lang='lat' dir='ltr'><strong>habere</strong></span> <span class='ocrx_word' id='word_1_97' title='bbox 1168 678 1406 719; x_wconf 78' lang='lat' dir='ltr'><strong>necessarios,</strong></span> <span class='ocrx_word' id='word_1_98' title='bbox 1425 688 1516 722; x_wconf 89' lang='lat' dir='ltr'><strong>quos</strong></span> 
     </span>
     <span class='ocr_line' id='line_1_13' title="bbox 195 725 1517 770; baseline -0.003 -7"><span class='ocrx_word' id='word_1_99' title='bbox 195 732 278 763; x_wconf 90' lang='lat' dir='ltr'><strong>tum</strong></span> <span class='ocrx_word' id='word_1_100' title='bbox 297 728 426 762; x_wconf 89' lang='lat' dir='ltr'><strong>eodem</strong></span> <span class='ocrx_word' id='word_1_101' title='bbox 444 726 564 761; x_wconf 88' lang='lat' dir='ltr'><strong>studio</strong></span> <span class='ocrx_word' id='word_1_102' title='bbox 578 726 762 770; x_wconf 88' lang='lat' dir='ltr'><strong>praeditos</strong></span> <span class='ocrx_word' id='word_1_103' title='bbox 777 725 993 759; x_wconf 73' lang='lat' dir='ltr'><strong>dilexerunt.</strong></span> <span class='ocrx_word' id='word_1_104' title='bbox 1028 726 1106 759; x_wconf 83' lang='lat' dir='ltr'><strong>Isto</strong></span> <span class='ocrx_word' id='word_1_105' title='bbox 1121 725 1221 759; x_wconf 89' lang='lat' dir='ltr'><strong>enim</strong></span> <span class='ocrx_word' id='word_1_106' title='bbox 1232 725 1342 759; x_wconf 91' lang='lat' dir='ltr'><strong>modo</strong></span> <span class='ocrx_word' id='word_1_107' title='bbox 1354 725 1517 759; x_wconf 86' lang='lat' dir='ltr'><strong>nutrices</strong></span> 
     </span>
     <span class='ocr_line' id='line_1_14' title="bbox 197 771 1516 820; baseline -0.003 -10"><span class='ocrx_word' id='word_1_108' title='bbox 197 779 234 810; x_wconf 89' lang='lat' dir='ltr'><strong>et</strong></span> <span class='ocrx_word' id='word_1_109' title='bbox 251 774 451 820; x_wconf 77' lang='lat' dir='ltr'><strong>paedagogi</strong></span> <span class='ocrx_word' id='word_1_110' title='bbox 463 773 541 819; x_wconf 68' lang='lat' dir='ltr'><strong>iure</strong></span> <span class='ocrx_word' id='word_1_111' title='bbox 552 772 748 807; x_wconf 78' lang='lat' dir='ltr'><strong>vetustatis</strong></span> <span class='ocrx_word' id='word_1_112' title='bbox 762 772 965 816; x_wconf 91' lang='lat' dir='ltr'><strong>plurimum</strong></span> <span class='ocrx_word' id='word_1_113' title='bbox 977 772 1246 807; x_wconf 84' lang='lat' dir='ltr'><strong>benivolentiae</strong></span> <span class='ocrx_word' id='word_1_114' title='bbox 1257 771 1496 817; x_wconf 85' lang='lat' dir='ltr'><strong>postulabunt</strong></span> <span class='ocrx_word' id='word_1_115' title='bbox 1507 781 1516 813; x_wconf 92' lang='grc'><strong>;</strong></span> 
     </span>
     <span class='ocr_line' id='line_1_15' title="bbox 200 819 1517 867; baseline -0.003 -10"><span class='ocrx_word' id='word_1_116' title='bbox 200 822 263 867; x_wconf 86' lang='lat' dir='ltr'><strong>qui</strong></span> <span class='ocrx_word' id='word_1_117' title='bbox 281 821 498 865; x_wconf 73' lang='lat' dir='ltr'><strong>neglegendi</strong></span> <span class='ocrx_word' id='word_1_118' title='bbox 524 820 673 864; x_wconf 85' lang='lat' dir='ltr'><strong>quidem</strong></span> <span class='ocrx_word' id='word_1_119' title='bbox 698 832 773 853; x_wconf 89' lang='lat' dir='ltr'><strong>non</strong></span> <span class='ocrx_word' id='word_1_120' title='bbox 800 822 896 859; x_wconf 90' lang='lat' dir='ltr'><strong>sunt,</strong></span> <span class='ocrx_word' id='word_1_121' title='bbox 922 820 985 853; x_wconf 89' lang='lat' dir='ltr'><strong>sed</strong></span> <span class='ocrx_word' id='word_1_122' title='bbox 1011 819 1082 854; x_wconf 86' lang='lat' dir='ltr'><strong>alio</strong></span> <span class='ocrx_word' id='word_1_123' title='bbox 1100 820 1261 864; x_wconf 85' lang='lat' dir='ltr'><strong>quodam</strong></span> <span class='ocrx_word' id='word_1_124' title='bbox 1277 820 1388 854; x_wconf 87' lang='lat' dir='ltr'><strong>modo</strong></span> <span class='ocrx_word' id='word_1_125' title='bbox 1407 819 1517 853; x_wconf 70' lang='lat' dir='ltr'><strong>aesti-</strong></span> 
     </span>
     <span class='ocr_line' id='line_1_16' title="bbox 197 866 1517 911; baseline -0.002 -8"><span class='ocrx_word' id='word_1_126' title='bbox 197 870 344 903; x_wconf 61' lang='lat' dir='ltr'><strong>mandi.</strong></span> <span class='ocrx_word' id='word_1_127' title='bbox 393 868 510 902; x_wconf 76' lang='lat' dir='ltr'><strong>Aliter</strong></span> <span class='ocrx_word' id='word_1_128' title='bbox 528 867 713 901; x_wconf 75' lang='lat' dir='ltr'><strong>amicitiae</strong></span> <span class='ocrx_word' id='word_1_129' title='bbox 733 866 882 900; x_wconf 86' lang='lat' dir='ltr'><strong>stabiles</strong></span> <span class='ocrx_word' id='word_1_130' title='bbox 899 878 1114 910; x_wconf 86' lang='lat' dir='ltr'><strong>permanere</strong></span> <span class='ocrx_word' id='word_1_131' title='bbox 1131 879 1206 901; x_wconf 88' lang='lat' dir='ltr'><strong>non</strong></span> <span class='ocrx_word' id='word_1_132' title='bbox 1222 870 1386 911; x_wconf 88' lang='lat' dir='ltr'><strong>possunt.</strong></span> <span class='ocrx_word' id='word_1_133' title='bbox 1436 866 1517 900; x_wconf 90' lang='lat' dir='ltr'><strong>Dis-</strong></span> 
     </span>
     <span class='ocr_line' id='line_1_17' title="bbox 199 913 1518 962; baseline -0.003 -11"><span class='ocrx_word' id='word_1_134' title='bbox 199 929 305 962; x_wconf 88' lang='lat' dir='ltr'><strong>pares</strong></span> <span class='ocrx_word' id='word_1_135' title='bbox 324 916 424 950; x_wconf 87' lang='lat' dir='ltr'><strong>enim</strong></span> <span class='ocrx_word' id='word_1_136' title='bbox 441 927 573 954; x_wconf 84' lang='lat' dir='ltr'><strong>mores,</strong></span> <span class='ocrx_word' id='word_1_137' title='bbox 593 914 751 958; x_wconf 86' lang='lat' dir='ltr'><strong>disparia</strong></span> <span class='ocrx_word' id='word_1_138' title='bbox 777 914 899 947; x_wconf 87' lang='lat' dir='ltr'><strong>studia</strong></span> <span class='ocrx_word' id='word_1_139' title='bbox 925 917 1138 957; x_wconf 87' lang='lat' dir='ltr'><strong>sequuntur,</strong></span> <span class='ocrx_word' id='word_1_140' title='bbox 1157 926 1314 958; x_wconf 89' lang='lat' dir='ltr'><strong>quorum</strong></span> <span class='ocrx_word' id='word_1_141' title='bbox 1332 913 1518 948; x_wconf 78' lang='lat' dir='ltr'><strong>dissimili-</strong></span> 
     </span>
     <span class='ocr_line' id='line_1_18' title="bbox 199 960 1520 1002; baseline -0.003 -4"><span class='ocrx_word' id='word_1_142' title='bbox 199 964 289 998; x_wconf 88' lang='lat' dir='ltr'><strong>tudo</strong></span> <span class='ocrx_word' id='word_1_143' title='bbox 322 962 495 997; x_wconf 88' lang='lat' dir='ltr'><strong>dissociat</strong></span> <span class='ocrx_word' id='word_1_144' title='bbox 528 961 711 995; x_wconf 74' lang='lat' dir='ltr'><strong>amicitias</strong></span> <span class='ocrx_word' id='word_1_145' title='bbox 727 971 734 1002; x_wconf 94' lang='grc'><strong>;</strong></span> <span class='ocrx_word' id='word_1_146' title='bbox 776 973 843 994; x_wconf 87' lang='lat' dir='ltr'><strong>nec</strong></span> <span class='ocrx_word' id='word_1_147' title='bbox 877 960 921 995; x_wconf 89' lang='lat' dir='ltr'><strong>ob</strong></span> <span class='ocrx_word' id='word_1_148' title='bbox 955 961 1067 995; x_wconf 85' lang='lat' dir='ltr'><strong>aliam</strong></span> <span class='ocrx_word' id='word_1_149' title='bbox 1101 973 1251 996; x_wconf 84' lang='lat' dir='ltr'><strong>causam</strong></span> <span class='ocrx_word' id='word_1_150' title='bbox 1284 961 1400 995; x_wconf 89' lang='lat' dir='ltr'><strong>ullam</strong></span> <span class='ocrx_word' id='word_1_151' title='bbox 1432 960 1520 995; x_wconf 82' lang='lat' dir='ltr'><strong>boni</strong></span> 
     </span>
     <span class='ocr_line' id='line_1_19' title="bbox 201 1008 1520 1055; baseline -0.003 -10"><span class='ocrx_word' id='word_1_152' title='bbox 201 1011 389 1055; x_wconf 80' lang='lat' dir='ltr'><strong>improbis,</strong></span> <span class='ocrx_word' id='word_1_153' title='bbox 407 1009 564 1054; x_wconf 83' lang='lat' dir='ltr'><strong>improbi</strong></span> <span class='ocrx_word' id='word_1_154' title='bbox 582 1008 686 1042; x_wconf 84' lang='lat' dir='ltr'><strong>bonis</strong></span> <span class='ocrx_word' id='word_1_155' title='bbox 705 1008 815 1042; x_wconf 89' lang='lat' dir='ltr'><strong>amici</strong></span> <span class='ocrx_word' id='word_1_156' title='bbox 834 1020 911 1042; x_wconf 90' lang='lat' dir='ltr'><strong>esse</strong></span> <span class='ocrx_word' id='word_1_157' title='bbox 929 1020 1003 1042; x_wconf 87' lang='lat' dir='ltr'><strong>non</strong></span> <span class='ocrx_word' id='word_1_158' title='bbox 1020 1012 1185 1053; x_wconf 79' lang='lat' dir='ltr'><strong>possunt,</strong></span> <span class='ocrx_word' id='word_1_159' title='bbox 1203 1008 1275 1042; x_wconf 90' lang='lat' dir='ltr'><strong>nisi</strong></span> <span class='ocrx_word' id='word_1_160' title='bbox 1293 1008 1390 1052; x_wconf 91' lang='lat' dir='ltr'><strong>quod</strong></span> <span class='ocrx_word' id='word_1_161' title='bbox 1414 1011 1520 1042; x_wconf 87' lang='lat' dir='ltr'><strong>tanta</strong></span> 
     </span>
     <span class='ocr_line' id='line_1_20' title="bbox 202 1055 1521 1101; baseline -0.004 -8"><span class='ocrx_word' id='word_1_162' title='bbox 202 1063 258 1093; x_wconf 91' lang='lat' dir='ltr'><strong>est</strong></span> <span class='ocrx_word' id='word_1_163' title='bbox 276 1058 371 1092; x_wconf 86' lang='lat' dir='ltr'><strong>inter</strong></span> <span class='ocrx_word' id='word_1_164' title='bbox 386 1069 456 1097; x_wconf 80' lang='lat' dir='ltr'><strong>eOS,</strong></span> <span class='ocrx_word' id='word_1_165' title='bbox 476 1060 613 1101; x_wconf 86' lang='lat' dir='ltr'><strong>quanta</strong></span> <span class='ocrx_word' id='word_1_166' title='bbox 630 1055 795 1089; x_wconf 79' lang='lat' dir='ltr'><strong>maxima</strong></span> <span class='ocrx_word' id='word_1_167' title='bbox 819 1059 939 1099; x_wconf 87' lang='lat' dir='ltr'><strong>potest</strong></span> <span class='ocrx_word' id='word_1_168' title='bbox 965 1068 1053 1095; x_wconf 83' lang='lat' dir='ltr'><strong>esse,</strong></span> <span class='ocrx_word' id='word_1_169' title='bbox 1075 1067 1223 1089; x_wconf 90' lang='lat' dir='ltr'><strong>morum</strong></span> <span class='ocrx_word' id='word_1_170' title='bbox 1241 1055 1521 1098; x_wconf 84' lang='lat' dir='ltr'><strong>studiorumque</strong></span> 
     </span>
     <span class='ocr_line' id='line_1_21' title="bbox 203 1102 1520 1146; baseline -0.004 -6"><span class='ocrx_word' id='word_1_171' title='bbox 203 1105 390 1140; x_wconf 81' lang='lat' dir='ltr'><strong>distantia.</strong></span> <span class='ocrx_word' id='word_1_172' title='bbox 425 1106 481 1139; x_wconf 82' lang='lat'><strong>75.</strong></span> <span class='ocrx_word' id='word_1_173' title='bbox 508 1104 620 1137; x_wconf 83' lang='lat' dir='ltr'><strong>Recte</strong></span> <span class='ocrx_word' id='word_1_174' title='bbox 639 1103 751 1136; x_wconf 85' lang='lat' dir='ltr'><strong>etiam</strong></span> <span class='ocrx_word' id='word_1_175' title='bbox 768 1102 928 1146; x_wconf 83' lang='lat' dir='ltr'><strong>praecipi</strong></span> <span class='ocrx_word' id='word_1_176' title='bbox 941 1106 1061 1146; x_wconf 89' lang='lat' dir='ltr'><strong>potest</strong></span> <span class='ocrx_word' id='word_1_177' title='bbox 1072 1103 1111 1136; x_wconf 89' lang='lat' dir='ltr'><strong>in</strong></span> <span class='ocrx_word' id='word_1_178' title='bbox 1129 1102 1312 1142; x_wconf 83' lang='lat' dir='ltr'><strong>amicitiis,</strong></span> <span class='ocrx_word' id='word_1_179' title='bbox 1324 1114 1370 1136; x_wconf 90' lang='lat' dir='ltr'><strong>ne</strong></span> <span class='ocrx_word' id='word_1_180' title='bbox 1388 1102 1520 1135; x_wconf 88' lang='lat' dir='ltr'><strong>intem-</strong></span> 
     </span>
     <span class='ocr_line' id='line_1_22' title="bbox 202 1149 1522 1197; baseline -0.003 -11"><span class='ocrx_word' id='word_1_181' title='bbox 202 1157 331 1197; x_wconf 88' lang='lat' dir='ltr'><strong>perata</strong></span> <span class='ocrx_word' id='word_1_182' title='bbox 343 1151 525 1196; x_wconf 82' lang='lat' dir='ltr'><strong>quaedam</strong></span> <span class='ocrx_word' id='word_1_183' title='bbox 542 1149 800 1189; x_wconf 81' lang='lat' dir='ltr'><strong>benivolentia,</strong></span> <span class='ocrx_word' id='word_1_184' title='bbox 813 1150 910 1193; x_wconf 86' lang='lat' dir='ltr'><strong>quod</strong></span> <span class='ocrx_word' id='word_1_185' title='bbox 926 1161 1099 1194; x_wconf 80' lang='lat' dir='ltr'><strong>persaepe</strong></span> <span class='ocrx_word' id='word_1_186' title='bbox 1113 1150 1166 1190; x_wconf 88' lang='lat' dir='ltr'><strong>fit,</strong></span> <span class='ocrx_word' id='word_1_187' title='bbox 1178 1149 1356 1194; x_wconf 87' lang='lat' dir='ltr'><strong>impediat</strong></span> <span class='ocrx_word' id='word_1_188' title='bbox 1367 1159 1522 1192; x_wconf 81' lang='lat' dir='ltr'><strong>magnas</strong></span> 
     </span>
     <span class='ocr_line' id='line_1_23' title="bbox 203 1195 1522 1237; baseline -0.003 -3"><span class='ocrx_word' id='word_1_189' title='bbox 203 1200 385 1234; x_wconf 85' lang='lat' dir='ltr'><strong>utilitates</strong></span> <span class='ocrx_word' id='word_1_190' title='bbox 410 1198 627 1232; x_wconf 88' lang='lat' dir='ltr'><strong>amicorum.</strong></span> <span class='ocrx_word' id='word_1_191' title='bbox 678 1198 753 1231; x_wconf 84' lang='lat' dir='ltr'><strong>Nec</strong></span> <span class='ocrx_word' id='word_1_192' title='bbox 780 1197 891 1236; x_wconf 85' lang='lat' dir='ltr'><strong>enim,</strong></span> <span class='ocrx_word' id='word_1_193' title='bbox 910 1201 951 1231; x_wconf 86' lang='lat' dir='ltr'><strong>ut</strong></span> <span class='ocrx_word' id='word_1_194' title='bbox 970 1198 1016 1230; x_wconf 88' lang='lat' dir='ltr'><strong>ad</strong></span> <span class='ocrx_word' id='word_1_195' title='bbox 1033 1197 1176 1231; x_wconf 83' lang='lat' dir='ltr'><strong>fabulas</strong></span> <span class='ocrx_word' id='word_1_196' title='bbox 1193 1197 1354 1237; x_wconf 84' lang='lat' dir='ltr'><strong>redeam,</strong></span> <span class='ocrx_word' id='word_1_197' title='bbox 1373 1195 1522 1230; x_wconf 81' lang='lat' dir='ltr'><strong>Troiam</strong></span> 
     </span>
     <span class='ocr_line' id='line_1_24' title="bbox 206 1244 1523 1290; baseline -0.003 -9"><span class='ocrx_word' id='word_1_198' title='bbox 206 1246 471 1290; x_wconf 85' lang='lat' dir='ltr'><strong>Neoptolemus</strong></span> <span class='ocrx_word' id='word_1_199' title='bbox 490 1257 617 1289; x_wconf 83' lang='lat' dir='ltr'><strong>capere</strong></span> <span class='ocrx_word' id='word_1_200' title='bbox 642 1244 831 1288; x_wconf 85' lang='lat' dir='ltr'><strong>potuisset,</strong></span> <span class='ocrx_word' id='word_1_201' title='bbox 859 1244 889 1277; x_wconf 91' lang='lat' dir='ltr'><strong>si</strong></span> <span class='ocrx_word' id='word_1_202' title='bbox 914 1245 1175 1288; x_wconf 76' lang='lat' dir='ltr'><strong>Lycomedem,</strong></span> <span class='ocrx_word' id='word_1_203' title='bbox 1201 1244 1299 1288; x_wconf 88' lang='lat' dir='ltr'><strong>apud</strong></span> <span class='ocrx_word' id='word_1_204' title='bbox 1316 1255 1427 1288; x_wconf 90' lang='lat' dir='ltr'><strong>quem</strong></span> <span class='ocrx_word' id='word_1_205' title='bbox 1445 1246 1523 1277; x_wconf 85' lang='lat' dir='ltr'><strong>erat</strong></span> 
     </span>
     <span class='ocr_line' id='line_1_25' title="bbox 203 1290 1523 1336; baseline -0.003 -8"><span class='ocrx_word' id='word_1_206' title='bbox 203 1294 395 1333; x_wconf 80' lang='lat' dir='ltr'><strong>educatus,</strong></span> <span class='ocrx_word' id='word_1_207' title='bbox 413 1292 541 1326; x_wconf 88' lang='lat' dir='ltr'><strong>multis</strong></span> <span class='ocrx_word' id='word_1_208' title='bbox 559 1304 643 1326; x_wconf 90' lang='lat' dir='ltr'><strong>cum</strong></span> <span class='ocrx_word' id='word_1_209' title='bbox 656 1292 818 1325; x_wconf 82' lang='lat' dir='ltr'><strong>lacrimis</strong></span> <span class='ocrx_word' id='word_1_210' title='bbox 830 1291 898 1325; x_wconf 88' lang='lat' dir='ltr'><strong>iter</strong></span> <span class='ocrx_word' id='word_1_211' title='bbox 917 1304 1026 1325; x_wconf 89' lang='lat' dir='ltr'><strong>suum</strong></span> <span class='ocrx_word' id='word_1_212' title='bbox 1043 1291 1308 1336; x_wconf 79' lang='lat' dir='ltr'><strong>impedientem</strong></span> <span class='ocrx_word' id='word_1_213' title='bbox 1319 1290 1445 1324; x_wconf 84' lang='lat' dir='ltr'><strong>audire</strong></span> <span class='ocrx_word' id='word_1_214' title='bbox 1463 1302 1523 1324; x_wconf 91' lang='lat' dir='ltr'><strong>vo-</strong></span> 
     </span>
     <span class='ocr_line' id='line_1_26' title="bbox 204 1337 1524 1384; baseline -0.003 -9"><span class='ocrx_word' id='word_1_215' title='bbox 204 1341 346 1375; x_wconf 84' lang='lat' dir='ltr'><strong>luisset.</strong></span> <span class='ocrx_word' id='word_1_216' title='bbox 396 1341 446 1374; x_wconf 87' lang='lat' dir='ltr'><strong>Et</strong></span> <span class='ocrx_word' id='word_1_217' title='bbox 464 1351 571 1384; x_wconf 84' lang='lat' dir='ltr'><strong>saepe</strong></span> <span class='ocrx_word' id='word_1_218' title='bbox 589 1339 757 1373; x_wconf 87' lang='lat' dir='ltr'><strong>incidunt</strong></span> <span class='ocrx_word' id='word_1_219' title='bbox 782 1350 940 1381; x_wconf 71' lang='lat' dir='ltr'><strong>magnae</strong></span> <span class='ocrx_word' id='word_1_220' title='bbox 965 1351 1034 1379; x_wconf 86' lang='lat' dir='ltr'><strong>res,</strong></span> <span class='ocrx_word' id='word_1_221' title='bbox 1051 1342 1093 1373; x_wconf 92' lang='lat' dir='ltr'><strong>ut</strong></span> <span class='ocrx_word' id='word_1_222' title='bbox 1119 1339 1381 1373; x_wconf 86' lang='lat' dir='ltr'><strong>discedendum</strong></span> <span class='ocrx_word' id='word_1_223' title='bbox 1407 1337 1454 1372; x_wconf 87' lang='lat' dir='ltr'><strong>sit</strong></span> <span class='ocrx_word' id='word_1_224' title='bbox 1479 1337 1524 1371; x_wconf 88' lang='lat' dir='ltr'><strong>ab</strong></span> 
     </span>
     <span class='ocr_line' id='line_1_27' title="bbox 204 1385 1525 1431; baseline -0.002 -9"><span class='ocrx_word' id='word_1_225' title='bbox 204 1388 338 1422; x_wconf 81' lang='lat' dir='ltr'><strong>amicis</strong></span> <span class='ocrx_word' id='word_1_226' title='bbox 354 1398 361 1428; x_wconf 87' lang='lat'>;</span> <span class='ocrx_word' id='word_1_227' title='bbox 390 1399 480 1431; x_wconf 87' lang='lat' dir='ltr'><strong>quas</strong></span> <span class='ocrx_word' id='word_1_228' title='bbox 509 1386 571 1430; x_wconf 84' lang='lat' dir='ltr'><strong>qui</strong></span> <span class='ocrx_word' id='word_1_229' title='bbox 598 1386 775 1430; x_wconf 80' lang='lat' dir='ltr'><strong>impedire</strong></span> <span class='ocrx_word' id='word_1_230' title='bbox 804 1387 894 1427; x_wconf 82' lang='lat' dir='ltr'><strong>vult,</strong></span> <span class='ocrx_word' id='word_1_231' title='bbox 929 1387 1027 1429; x_wconf 90' lang='lat' dir='ltr'><strong>quod</strong></span> <span class='ocrx_word' id='word_1_232' title='bbox 1054 1385 1278 1420; x_wconf 87' lang='lat' dir='ltr'><strong>desiderium</strong></span> <span class='ocrx_word' id='word_1_233' title='bbox 1310 1397 1386 1419; x_wconf 89' lang='lat' dir='ltr'><strong>non</strong></span> <span class='ocrx_word' id='word_1_234' title='bbox 1419 1385 1525 1419; x_wconf 82' lang='lat' dir='ltr'><strong>facile</strong></span> 
     </span>
     <span class='ocr_line' id='line_1_28' title="bbox 207 1431 1526 1477; baseline -0.004 -7"><span class='ocrx_word' id='word_1_235' title='bbox 207 1436 312 1475; x_wconf 79' lang='lat' dir='ltr'><strong>ferat,</strong></span> <span class='ocrx_word' id='word_1_236' title='bbox 346 1435 377 1468; x_wconf 91' lang='lat' dir='ltr'><strong>is</strong></span> <span class='ocrx_word' id='word_1_237' title='bbox 411 1438 446 1468; x_wconf 92' lang='lat' dir='ltr'><strong>et</strong></span> <span class='ocrx_word' id='word_1_238' title='bbox 480 1433 650 1467; x_wconf 85' lang='lat' dir='ltr'><strong>infirmus</strong></span> <span class='ocrx_word' id='word_1_239' title='bbox 685 1437 739 1467; x_wconf 89' lang='lat' dir='ltr'><strong>est</strong></span> <span class='ocrx_word' id='word_1_240' title='bbox 772 1434 968 1477; x_wconf 87' lang='lat' dir='ltr'><strong>mollisque</strong></span> <span class='ocrx_word' id='word_1_241' title='bbox 995 1437 1129 1468; x_wconf 85' lang='lat' dir='ltr'><strong>natura</strong></span> <span class='ocrx_word' id='word_1_242' title='bbox 1157 1438 1193 1468; x_wconf 91' lang='lat' dir='ltr'><strong>et</strong></span> <span class='ocrx_word' id='word_1_243' title='bbox 1220 1432 1265 1467; x_wconf 93' lang='lat' dir='ltr'><strong>ob</strong></span> <span class='ocrx_word' id='word_1_244' title='bbox 1296 1444 1378 1467; x_wconf 87' lang='lat' dir='ltr'><strong>eam</strong></span> <span class='ocrx_word' id='word_1_245' title='bbox 1405 1431 1526 1477; x_wconf 87' lang='lat' dir='ltr'><strong>ipsam</strong></span> 
     </span>
     <span class='ocr_line' id='line_1_29' title="bbox 208 1480 1526 1525; baseline -0.003 -8"><span class='ocrx_word' id='word_1_246' title='bbox 208 1494 361 1518; x_wconf 88' lang='lat' dir='ltr'><strong>causam</strong></span> <span class='ocrx_word' id='word_1_247' title='bbox 379 1482 418 1515; x_wconf 89' lang='lat' dir='ltr'><strong>in</strong></span> <span class='ocrx_word' id='word_1_248' title='bbox 436 1481 599 1515; x_wconf 87' lang='lat' dir='ltr'><strong>amicitia</strong></span> <span class='ocrx_word' id='word_1_249' title='bbox 624 1493 755 1525; x_wconf 88' lang='lat' dir='ltr'><strong>parum</strong></span> <span class='ocrx_word' id='word_1_250' title='bbox 780 1481 910 1515; x_wconf 89' lang='lat' dir='ltr'><strong>iustus.</strong></span> <span class='ocrx_word' id='word_1_251' title='bbox 960 1483 1013 1515; x_wconf 80' lang='lat'><strong>76.</strong></span> <span class='ocrx_word' id='word_1_252' title='bbox 1041 1481 1161 1525; x_wconf 85' lang='lat' dir='ltr'><strong>Atque</strong></span> <span class='ocrx_word' id='word_1_253' title='bbox 1186 1481 1225 1514; x_wconf 93' lang='lat' dir='ltr'><strong>in</strong></span> <span class='ocrx_word' id='word_1_254' title='bbox 1250 1480 1352 1514; x_wconf 91' lang='lat' dir='ltr'><strong>omni</strong></span> <span class='ocrx_word' id='word_1_255' title='bbox 1378 1491 1416 1514; x_wconf 90' lang='lat' dir='ltr'><strong>re</strong></span> <span class='ocrx_word' id='word_1_256' title='bbox 1443 1490 1526 1513; x_wconf 92' lang='lat' dir='ltr'><strong>con-</strong></span> 
     </span>
     <span class='ocr_line' id='line_1_30' title="bbox 205 1527 1528 1573; baseline -0.002 -10"><span class='ocrx_word' id='word_1_257' title='bbox 205 1529 448 1564; x_wconf 81' lang='lat' dir='ltr'><strong>siderandum</strong></span> <span class='ocrx_word' id='word_1_258' title='bbox 476 1531 541 1569; x_wconf 87' lang='lat' dir='ltr'><strong>est,</strong></span> <span class='ocrx_word' id='word_1_259' title='bbox 560 1531 595 1562; x_wconf 91' lang='lat' dir='ltr'><strong>et</strong></span> <span class='ocrx_word' id='word_1_260' title='bbox 626 1528 713 1572; x_wconf 85' lang='lat' dir='ltr'><strong>quid</strong></span> <span class='ocrx_word' id='word_1_261' title='bbox 738 1528 902 1572; x_wconf 85' lang='lat' dir='ltr'><strong>postules</strong></span> <span class='ocrx_word' id='word_1_262' title='bbox 927 1528 972 1562; x_wconf 89' lang='lat' dir='ltr'><strong>ab</strong></span> <span class='ocrx_word' id='word_1_263' title='bbox 990 1528 1109 1563; x_wconf 89' lang='lat' dir='ltr'><strong>amico</strong></span> <span class='ocrx_word' id='word_1_264' title='bbox 1128 1531 1164 1563; x_wconf 86' lang='lat' dir='ltr'><strong>et</strong></span> <span class='ocrx_word' id='word_1_265' title='bbox 1182 1527 1270 1573; x_wconf 87' lang='lat' dir='ltr'><strong>quid</strong></span> <span class='ocrx_word' id='word_1_266' title='bbox 1286 1527 1427 1572; x_wconf 86' lang='lat' dir='ltr'><strong>patiare</strong></span> <span class='ocrx_word' id='word_1_267' title='bbox 1452 1538 1474 1560; x_wconf 88' lang='lat' dir='ltr'><strong>a</strong></span> <span class='ocrx_word' id='word_1_268' title='bbox 1490 1529 1528 1561; x_wconf 88' lang='lat' dir='ltr'><strong>te</strong></span> 
     </span>
     <span class='ocr_line' id='line_1_31' title="bbox 209 1576 412 1621; baseline -0.015 -9"><span class='ocrx_word' id='word_1_269' title='bbox 209 1576 412 1621; x_wconf 85' lang='lat' dir='ltr'><strong>impetrari.</strong></span> 
     </span>
    </p>

    <p class='ocr_par' dir='ltr' id='par_1_4' title="bbox 208 1620 1538 2333">
     <span class='ocr_line' id='line_1_32' title="bbox 258 1620 1530 1666; baseline -0.003 -8"><span class='ocrx_word' id='word_1_270' title='bbox 258 1625 363 1658; x_wconf 79' lang='lat' dir='ltr'>XXI.</span> <span class='ocrx_word' id='word_1_271' title='bbox 389 1624 458 1657; x_wconf 84' lang='lat' dir='ltr'><strong>Est</strong></span> <span class='ocrx_word' id='word_1_272' title='bbox 477 1622 590 1657; x_wconf 88' lang='lat' dir='ltr'><strong>etiam</strong></span> <span class='ocrx_word' id='word_1_273' title='bbox 616 1623 798 1666; x_wconf 84' lang='lat' dir='ltr'><strong>quaedam</strong></span> <span class='ocrx_word' id='word_1_274' title='bbox 824 1623 1017 1657; x_wconf 85' lang='lat' dir='ltr'><strong>calamitas</strong></span> <span class='ocrx_word' id='word_1_275' title='bbox 1042 1622 1081 1657; x_wconf 86' lang='lat' dir='ltr'><strong>in</strong></span> <span class='ocrx_word' id='word_1_276' title='bbox 1107 1621 1280 1657; x_wconf 89' lang='lat' dir='ltr'><strong>amicitiis</strong></span> <span class='ocrx_word' id='word_1_277' title='bbox 1298 1620 1530 1656; x_wconf 85' lang='lat' dir='ltr'><strong>dimittendis</strong></span> 
     </span>
     <span class='ocr_line' id='line_1_33' title="bbox 210 1668 1529 1714; baseline -0.002 -9"><span class='ocrx_word' id='word_1_278' title='bbox 210 1683 287 1706; x_wconf 79' lang='lat' dir='ltr'><strong>non</strong></span> <span class='ocrx_word' id='word_1_279' title='bbox 316 1682 523 1714; x_wconf 84' lang='lat' dir='ltr'><strong>numquam</strong></span> <span class='ocrx_word' id='word_1_280' title='bbox 551 1670 779 1710; x_wconf 84' lang='lat' dir='ltr'><strong>necessaria;</strong></span> <span class='ocrx_word' id='word_1_281' title='bbox 805 1670 881 1704; x_wconf 88' lang='lat' dir='ltr'><strong>iam</strong></span> <span class='ocrx_word' id='word_1_282' title='bbox 912 1670 1012 1704; x_wconf 84' lang='lat' dir='ltr'><strong>enim</strong></span> <span class='ocrx_word' id='word_1_283' title='bbox 1042 1682 1063 1704; x_wconf 88' lang='lat' dir='ltr'><strong>a</strong></span> <span class='ocrx_word' id='word_1_284' title='bbox 1090 1670 1313 1714; x_wconf 87' lang='lat' dir='ltr'><strong>sapientium</strong></span> <span class='ocrx_word' id='word_1_285' title='bbox 1340 1668 1529 1703; x_wconf 77' lang='lat' dir='ltr'><strong>familiari-</strong></span> 
     </span>
     <span class='ocr_line' id='line_1_34' title="bbox 211 1717 1530 1761; baseline -0.003 -8"><span class='ocrx_word' id='word_1_286' title='bbox 211 1718 350 1753; x_wconf 86' lang='lat' dir='ltr'><strong>tatibus</strong></span> <span class='ocrx_word' id='word_1_287' title='bbox 368 1718 415 1751; x_wconf 89' lang='lat' dir='ltr'><strong>ad</strong></span> <span class='ocrx_word' id='word_1_288' title='bbox 432 1718 600 1761; x_wconf 80' lang='lat' dir='ltr'><strong>vulgares</strong></span> <span class='ocrx_word' id='word_1_289' title='bbox 619 1717 801 1751; x_wconf 82' lang='lat' dir='ltr'><strong>amicitias</strong></span> <span class='ocrx_word' id='word_1_290' title='bbox 813 1717 928 1751; x_wconf 84' lang='lat' dir='ltr'><strong>oratio</strong></span> <span class='ocrx_word' id='word_1_291' title='bbox 946 1723 1073 1752; x_wconf 88' lang='lat' dir='ltr'><strong>nostra</strong></span> <span class='ocrx_word' id='word_1_292' title='bbox 1092 1717 1283 1752; x_wconf 80' lang='lat' dir='ltr'><strong>delabitur.</strong></span> <span class='ocrx_word' id='word_1_293' title='bbox 1317 1717 1530 1760; x_wconf 85' lang='lat' dir='ltr'><strong>Erumpunt</strong></span> 
     </span>
     <span class='ocr_line' id='line_1_35' title="bbox 212 1763 1531 1810; baseline -0.004 -9"><span class='ocrx_word' id='word_1_294' title='bbox 212 1778 320 1810; x_wconf 89' lang='lat' dir='ltr'><strong>saepe</strong></span> <span class='ocrx_word' id='word_1_295' title='bbox 355 1765 444 1799; x_wconf 87' lang='lat' dir='ltr'><strong>vitia</strong></span> <span class='ocrx_word' id='word_1_296' title='bbox 472 1764 676 1798; x_wconf 90' lang='lat' dir='ltr'><strong>amicorum</strong></span> <span class='ocrx_word' id='word_1_297' title='bbox 710 1768 791 1798; x_wconf 89' lang='lat' dir='ltr'><strong>tum</strong></span> <span class='ocrx_word' id='word_1_298' title='bbox 824 1765 863 1798; x_wconf 93' lang='lat' dir='ltr'><strong>in</strong></span> <span class='ocrx_word' id='word_1_299' title='bbox 896 1765 993 1809; x_wconf 87' lang='lat' dir='ltr'><strong>ipsos</strong></span> <span class='ocrx_word' id='word_1_300' title='bbox 1023 1765 1172 1806; x_wconf 90' lang='lat' dir='ltr'><strong>amicos,</strong></span> <span class='ocrx_word' id='word_1_301' title='bbox 1205 1768 1287 1799; x_wconf 89' lang='lat' dir='ltr'><strong>tum</strong></span> <span class='ocrx_word' id='word_1_302' title='bbox 1315 1764 1355 1798; x_wconf 88' lang='lat' dir='ltr'><strong>in</strong></span> <span class='ocrx_word' id='word_1_303' title='bbox 1381 1763 1531 1803; x_wconf 85' lang='lat' dir='ltr'><strong>alienos,</strong></span> 
     </span>
     <span class='ocr_line' id='line_1_36' title="bbox 213 1810 1530 1857; baseline -0.003 -10"><span class='ocrx_word' id='word_1_304' title='bbox 213 1825 371 1857; x_wconf 87' lang='lat' dir='ltr'><strong>quorum</strong></span> <span class='ocrx_word' id='word_1_305' title='bbox 389 1816 516 1846; x_wconf 88' lang='lat' dir='ltr'><strong>tamen</strong></span> <span class='ocrx_word' id='word_1_306' title='bbox 533 1812 580 1846; x_wconf 87' lang='lat' dir='ltr'><strong>ad</strong></span> <span class='ocrx_word' id='word_1_307' title='bbox 597 1812 735 1846; x_wconf 83' lang='lat' dir='ltr'><strong>amicos</strong></span> <span class='ocrx_word' id='word_1_308' title='bbox 760 1813 940 1846; x_wconf 86' lang='lat' dir='ltr'><strong>redundet</strong></span> <span class='ocrx_word' id='word_1_309' title='bbox 964 1812 1129 1846; x_wconf 82' lang='lat' dir='ltr'><strong>infamia.</strong></span> <span class='ocrx_word' id='word_1_310' title='bbox 1179 1812 1286 1846; x_wconf 88' lang='lat' dir='ltr'><strong>Tales</strong></span> <span class='ocrx_word' id='word_1_311' title='bbox 1310 1811 1423 1855; x_wconf 81' lang='lat' dir='ltr'><strong>igitur</strong></span> <span class='ocrx_word' id='word_1_312' title='bbox 1440 1810 1530 1844; x_wconf 91' lang='lat' dir='ltr'><strong>ami-</strong></span> 
     </span>
     <span class='ocr_line' id='line_1_37' title="bbox 214 1857 1532 1901; baseline -0.003 -7"><span class='ocrx_word' id='word_1_313' title='bbox 214 1861 322 1895; x_wconf 87' lang='lat' dir='ltr'><strong>citiae</strong></span> <span class='ocrx_word' id='word_1_314' title='bbox 353 1863 438 1894; x_wconf 87' lang='lat' dir='ltr'><strong>sunt</strong></span> <span class='ocrx_word' id='word_1_315' title='bbox 465 1859 682 1893; x_wconf 87' lang='lat' dir='ltr'><strong>remissione</strong></span> <span class='ocrx_word' id='word_1_316' title='bbox 716 1871 804 1893; x_wconf 87' lang='lat' dir='ltr'><strong>usus</strong></span> <span class='ocrx_word' id='word_1_317' title='bbox 845 1860 1021 1894; x_wconf 85' lang='lat' dir='ltr'><strong>eluendae</strong></span> <span class='ocrx_word' id='word_1_318' title='bbox 1049 1863 1095 1901; x_wconf 89' lang='lat' dir='ltr'><strong>et,</strong></span> <span class='ocrx_word' id='word_1_319' title='bbox 1123 1862 1164 1894; x_wconf 92' lang='lat' dir='ltr'><strong>ut</strong></span> <span class='ocrx_word' id='word_1_320' title='bbox 1198 1860 1379 1894; x_wconf 85' lang='lat' dir='ltr'><strong>Catonem</strong></span> <span class='ocrx_word' id='word_1_321' title='bbox 1413 1857 1532 1892; x_wconf 85' lang='lat' dir='ltr'><strong>dicere</strong></span> 
     </span>
     <span class='ocr_line' id='line_1_38' title="bbox 208 1904 1533 1951; baseline -0.003 -9"><span class='ocrx_word' id='word_1_322' title='bbox 208 1907 349 1947; x_wconf 74' lang='lat' dir='ltr'><strong>audivi,</strong></span> <span class='ocrx_word' id='word_1_323' title='bbox 368 1907 586 1941; x_wconf 88' lang='lat' dir='ltr'><strong>dissuendae</strong></span> <span class='ocrx_word' id='word_1_324' title='bbox 612 1906 731 1948; x_wconf 65' lang='lat' dir='ltr'><strong>magis</strong></span> <span class='ocrx_word' id='word_1_325' title='bbox 759 1919 871 1950; x_wconf 88' lang='lat' dir='ltr'><strong>quam</strong></span> <span class='ocrx_word' id='word_1_326' title='bbox 895 1907 1165 1949; x_wconf 84' lang='lat' dir='ltr'><strong>discindendae‚</strong></span> <span class='ocrx_word' id='word_1_327' title='bbox 1182 1906 1254 1941; x_wconf 91' lang='lat' dir='ltr'><strong>nisi</strong></span> <span class='ocrx_word' id='word_1_328' title='bbox 1271 1905 1454 1951; x_wconf 87' lang='lat' dir='ltr'><strong>quaedam</strong></span> <span class='ocrx_word' id='word_1_329' title='bbox 1472 1904 1533 1938; x_wconf 85' lang='lat' dir='ltr'><strong>ad-</strong></span> 
     </span>
     <span class='ocr_line' id='line_1_39' title="bbox 214 1953 1534 2002; baseline -0.003 -13"><span class='ocrx_word' id='word_1_330' title='bbox 214 1955 368 1989; x_wconf 86' lang='lat' dir='ltr'><strong>modum</strong></span> <span class='ocrx_word' id='word_1_331' title='bbox 385 1953 626 1988; x_wconf 85' lang='lat' dir='ltr'><strong>intolerabilis</strong></span> <span class='ocrx_word' id='word_1_332' title='bbox 652 1954 787 2002; x_wconf 83' lang='lat' dir='ltr'><strong>iniuria</strong></span> <span class='ocrx_word' id='word_1_333' title='bbox 816 1955 1001 1995; x_wconf 75' lang='lat' dir='ltr'><strong>exarserit,</strong></span> <span class='ocrx_word' id='word_1_334' title='bbox 1031 1958 1072 1989; x_wconf 91' lang='lat' dir='ltr'><strong>ut</strong></span> <span class='ocrx_word' id='word_1_335' title='bbox 1098 1965 1218 1998; x_wconf 88' lang='lat' dir='ltr'><strong>neque</strong></span> <span class='ocrx_word' id='word_1_336' title='bbox 1245 1957 1389 1988; x_wconf 88' lang='lat' dir='ltr'><strong>rectum</strong></span> <span class='ocrx_word' id='word_1_337' title='bbox 1414 1963 1534 1996; x_wconf 87' lang='lat' dir='ltr'><strong>neque</strong></span> 
     </span>
     <span class='ocr_line' id='line_1_40' title="bbox 215 1999 1532 2045; baseline -0.003 -9"><span class='ocrx_word' id='word_1_338' title='bbox 215 2003 414 2036; x_wconf 88' lang='lat' dir='ltr'><strong>honestum</strong></span> <span class='ocrx_word' id='word_1_339' title='bbox 433 2001 479 2035; x_wconf 88' lang='lat' dir='ltr'><strong>sit</strong></span> <span class='ocrx_word' id='word_1_340' title='bbox 497 2013 564 2035; x_wconf 90' lang='lat' dir='ltr'><strong>nec</strong></span> <span class='ocrx_word' id='word_1_341' title='bbox 582 2000 662 2034; x_wconf 90' lang='lat' dir='ltr'><strong>fieri</strong></span> <span class='ocrx_word' id='word_1_342' title='bbox 687 2001 812 2045; x_wconf 86' lang='lat' dir='ltr'><strong>possit,</strong></span> <span class='ocrx_word' id='word_1_343' title='bbox 831 2007 872 2035; x_wconf 91' lang='lat' dir='ltr'><strong>ut</strong></span> <span class='ocrx_word' id='word_1_344' title='bbox 890 2014 964 2035; x_wconf 90' lang='lat' dir='ltr'><strong>non</strong></span> <span class='ocrx_word' id='word_1_345' title='bbox 983 2002 1110 2036; x_wconf 88' lang='lat' dir='ltr'><strong>statim</strong></span> <span class='ocrx_word' id='word_1_346' title='bbox 1129 2001 1302 2036; x_wconf 88' lang='lat' dir='ltr'><strong>alienatio</strong></span> <span class='ocrx_word' id='word_1_347' title='bbox 1320 1999 1532 2037; x_wconf 85' lang='lat' dir='ltr'><strong>disiunctio-</strong></span> 
     </span>
     <span class='ocr_line' id='line_1_41' title="bbox 217 2048 1534 2094; baseline -0.002 -11"><span class='ocrx_word' id='word_1_348' title='bbox 217 2061 286 2094; x_wconf 91' lang='lat' dir='ltr'><strong>que</strong></span> <span class='ocrx_word' id='word_1_349' title='bbox 305 2048 477 2083; x_wconf 82' lang='lat' dir='ltr'><strong>faciunda</strong></span> <span class='ocrx_word' id='word_1_350' title='bbox 492 2048 549 2083; x_wconf 87' lang='lat' dir='ltr'><strong>sit.</strong></span> <span class='ocrx_word' id='word_1_351' title='bbox 599 2050 654 2083; x_wconf 89' lang='lat'><strong>77.</strong></span> <span class='ocrx_word' id='word_1_352' title='bbox 676 2048 740 2082; x_wconf 76' lang='lat' dir='ltr'><strong>Sin</strong></span> <span class='ocrx_word' id='word_1_353' title='bbox 752 2052 877 2082; x_wconf 84' lang='lat' dir='ltr'><strong>autem</strong></span> <span class='ocrx_word' id='word_1_354' title='bbox 889 2054 952 2083; x_wconf 88' lang='lat' dir='ltr'><strong>aut</strong></span> <span class='ocrx_word' id='word_1_355' title='bbox 965 2061 1113 2083; x_wconf 89' lang='lat' dir='ltr'><strong>morum</strong></span> <span class='ocrx_word' id='word_1_356' title='bbox 1131 2052 1194 2083; x_wconf 87' lang='lat' dir='ltr'><strong>aut</strong></span> <span class='ocrx_word' id='word_1_357' title='bbox 1213 2048 1419 2083; x_wconf 89' lang='lat' dir='ltr'><strong>studiorum</strong></span> <span class='ocrx_word' id='word_1_358' title='bbox 1437 2058 1534 2081; x_wconf 92' lang='lat' dir='ltr'><strong>com-</strong></span> 
     </span>
     <span class='ocr_line' id='line_1_42' title="bbox 217 2093 1536 2139; baseline -0.003 -8"><span class='ocrx_word' id='word_1_359' title='bbox 217 2096 376 2131; x_wconf 89' lang='lat' dir='ltr'><strong>mutatio</strong></span> <span class='ocrx_word' id='word_1_360' title='bbox 407 2096 600 2139; x_wconf 87' lang='lat' dir='ltr'><strong>quaedam,</strong></span> <span class='ocrx_word' id='word_1_361' title='bbox 628 2098 669 2129; x_wconf 91' lang='lat' dir='ltr'><strong>ut</strong></span> <span class='ocrx_word' id='word_1_362' title='bbox 698 2096 777 2129; x_wconf 89' lang='lat' dir='ltr'><strong>fieri</strong></span> <span class='ocrx_word' id='word_1_363' title='bbox 805 2097 907 2136; x_wconf 88' lang='lat' dir='ltr'><strong>solet,</strong></span> <span class='ocrx_word' id='word_1_364' title='bbox 935 2097 1031 2130; x_wconf 83' lang='lat' dir='ltr'><strong>facta</strong></span> <span class='ocrx_word' id='word_1_365' title='bbox 1057 2096 1125 2131; x_wconf 88' lang='lat' dir='ltr'><strong>erit</strong></span> <span class='ocrx_word' id='word_1_366' title='bbox 1151 2099 1215 2130; x_wconf 87' lang='lat' dir='ltr'><strong>aut</strong></span> <span class='ocrx_word' id='word_1_367' title='bbox 1239 2096 1278 2130; x_wconf 88' lang='lat' dir='ltr'><strong>in</strong></span> <span class='ocrx_word' id='word_1_368' title='bbox 1294 2095 1348 2129; x_wconf 89' lang='lat' dir='ltr'><strong>rei</strong></span> <span class='ocrx_word' id='word_1_369' title='bbox 1368 2093 1536 2139; x_wconf 86' lang='lat' dir='ltr'><strong>publicae</strong></span> 
     </span>
     <span class='ocr_line' id='line_1_43' title="bbox 217 2142 1536 2188; baseline -0.002 -11"><span class='ocrx_word' id='word_1_370' title='bbox 217 2144 384 2188; x_wconf 84' lang='lat' dir='ltr'><strong>partibus</strong></span> <span class='ocrx_word' id='word_1_371' title='bbox 403 2143 581 2177; x_wconf 86' lang='lat' dir='ltr'><strong>dissensio</strong></span> <span class='ocrx_word' id='word_1_372' title='bbox 598 2142 846 2177; x_wconf 81' lang='lat' dir='ltr'><strong>intercesserit</strong></span> <span class='ocrx_word' id='word_1_373' title='bbox 875 2143 1016 2187; x_wconf 79' lang='lat' dir='ltr'><strong>(loquor</strong></span> <span class='ocrx_word' id='word_1_374' title='bbox 1035 2144 1135 2178; x_wconf 90' lang='lat' dir='ltr'><strong>enim</strong></span> <span class='ocrx_word' id='word_1_375' title='bbox 1152 2144 1239 2184; x_wconf 88' lang='lat' dir='ltr'><strong>iam,</strong></span> <span class='ocrx_word' id='word_1_376' title='bbox 1256 2146 1298 2177; x_wconf 89' lang='lat' dir='ltr'><strong>ut</strong></span> <span class='ocrx_word' id='word_1_377' title='bbox 1314 2142 1424 2187; x_wconf 82' lang='lat' dir='ltr'><strong>paulo</strong></span> <span class='ocrx_word' id='word_1_378' title='bbox 1449 2144 1536 2175; x_wconf 85' lang='lat' dir='ltr'><strong>ante</strong></span> 
     </span>
     <span class='ocr_line' id='line_1_44' title="bbox 218 2188 1537 2234; baseline -0.002 -10"><span class='ocrx_word' id='word_1_379' title='bbox 218 2192 305 2231; x_wconf 81' lang='lat' dir='ltr'><strong>dixi,</strong></span> <span class='ocrx_word' id='word_1_380' title='bbox 322 2203 396 2224; x_wconf 86' lang='lat' dir='ltr'><strong>non</strong></span> <span class='ocrx_word' id='word_1_381' title='bbox 409 2191 452 2224; x_wconf 90' lang='lat' dir='ltr'><strong>de</strong></span> <span class='ocrx_word' id='word_1_382' title='bbox 464 2190 699 2234; x_wconf 88' lang='lat' dir='ltr'><strong>sapientium,</strong></span> <span class='ocrx_word' id='word_1_383' title='bbox 712 2191 775 2224; x_wconf 87' lang='lat' dir='ltr'><strong>sed</strong></span> <span class='ocrx_word' id='word_1_384' title='bbox 788 2191 831 2224; x_wconf 90' lang='lat' dir='ltr'><strong>de</strong></span> <span class='ocrx_word' id='word_1_385' title='bbox 844 2191 1103 2225; x_wconf 87' lang='lat' dir='ltr'><strong>communibus</strong></span> <span class='ocrx_word' id='word_1_386' title='bbox 1115 2190 1315 2233; x_wconf 85' lang='lat' dir='ltr'><strong>amicitiis),</strong></span> <span class='ocrx_word' id='word_1_387' title='bbox 1329 2188 1537 2224; x_wconf 86' lang='lat' dir='ltr'><strong>cavendum</strong></span> 
     </span>
     <span class='ocr_line' id='line_1_45' title="bbox 216 2235 1537 2282; baseline -0.003 -10"><span class='ocrx_word' id='word_1_388' title='bbox 216 2239 298 2278; x_wconf 84' lang='lat' dir='ltr'><strong>erit,</strong></span> <span class='ocrx_word' id='word_1_389' title='bbox 329 2250 375 2271; x_wconf 88' lang='lat' dir='ltr'><strong>ne</strong></span> <span class='ocrx_word' id='word_1_390' title='bbox 402 2250 476 2271; x_wconf 90' lang='lat' dir='ltr'><strong>non</strong></span> <span class='ocrx_word' id='word_1_391' title='bbox 508 2237 627 2271; x_wconf 88' lang='lat' dir='ltr'><strong>solum</strong></span> <span class='ocrx_word' id='word_1_392' title='bbox 656 2237 840 2272; x_wconf 84' lang='lat' dir='ltr'><strong>amicitiae</strong></span> <span class='ocrx_word' id='word_1_393' title='bbox 872 2238 1069 2282; x_wconf 88' lang='lat' dir='ltr'><strong>depositae,</strong></span> <span class='ocrx_word' id='word_1_394' title='bbox 1100 2239 1164 2273; x_wconf 91' lang='lat' dir='ltr'><strong>sed</strong></span> <span class='ocrx_word' id='word_1_395' title='bbox 1182 2238 1295 2272; x_wconf 89' lang='lat' dir='ltr'><strong>etiam</strong></span> <span class='ocrx_word' id='word_1_396' title='bbox 1319 2235 1537 2270; x_wconf 88' lang='lat' dir='ltr'><strong>inimicitiae</strong></span> 
     </span>
     <span class='ocr_line' id='line_1_46' title="bbox 219 2282 1538 2333; baseline -0.002 -13"><span class='ocrx_word' id='word_1_397' title='bbox 219 2289 411 2330; x_wconf 82' lang='lat' dir='ltr'><strong>susceptae</strong></span> <span class='ocrx_word' id='word_1_398' title='bbox 429 2285 636 2320; x_wconf 83' lang='lat' dir='ltr'><strong>videantur.</strong></span> <span class='ocrx_word' id='word_1_399' title='bbox 687 2285 791 2319; x_wconf 84' lang='lat' dir='ltr'><strong>Nihil</strong></span> <span class='ocrx_word' id='word_1_400' title='bbox 809 2288 864 2320; x_wconf 86' lang='lat' dir='ltr'><strong>est</strong></span> <span class='ocrx_word' id='word_1_401' title='bbox 883 2286 983 2320; x_wconf 88' lang='lat' dir='ltr'><strong>enim</strong></span> <span class='ocrx_word' id='word_1_402' title='bbox 1001 2285 1144 2332; x_wconf 85' lang='lat' dir='ltr'><strong>turpius</strong></span> <span class='ocrx_word' id='word_1_403' title='bbox 1163 2297 1275 2333; x_wconf 84' lang='lat' dir='ltr'><strong>quam</strong></span> <span class='ocrx_word' id='word_1_404' title='bbox 1293 2295 1379 2320; x_wconf 87' lang='lat' dir='ltr'><strong>cum</strong></span> <span class='ocrx_word' id='word_1_405' title='bbox 1397 2295 1439 2318; x_wconf 87' lang='lat' dir='ltr'><strong>eo</strong></span> <span class='ocrx_word' id='word_1_406' title='bbox 1463 2282 1538 2318; x_wconf 88' lang='lat' dir='ltr'><strong>bel-</strong></span> 
     </span>
    </p>
   </div>
   <div class='ocr_carea' id='block_1_3' title="bbox 1359 2328 1534 2341">
    <p class='ocr_par' dir='ltr' id='par_1_5' title="bbox 1359 2328 1534 2341">
     <span class='ocr_line' id='line_1_47' title="bbox 1359 2328 1534 2341; baseline -0.006 0"><span class='ocrx_word' id='word_1_407' title='bbox 1359 2328 1534 2341; x_wconf 47' lang='grc' dir='ltr'><strong>’Ἦ</strong></span> 
     </span>
    </p>
   </div>
  </div>
 </body>
</html>
