1698 2662
188 197 238 234 20
613 207 765 234 eiCERo
794 207 850 234 DE
878 207 1084 235 AMICITIA.

167 324 169 328 ⁴
190 311 272 334 mos
289 299 583 343 laetissimosque
601 298 861 340 viderit‚illum
873 299 971 334 diem
989 299 1236 334 clarissimum
1254 299 1377 341 fuisse,
1395 313 1507 346 quom

193 353 323 381 senatu
341 346 492 380 dimisso
510 347 663 380 domum
681 347 853 380 reductus
871 347 918 380 ad
931 358 1125 391 vesperum
1138 350 1192 381 est
1210 359 1230 381 a
1241 347 1406 392 patribus
1424 361 1505 384 con-

194 393 350 446 seiiptis,
367 393 501 437 populo
521 394 700 434 Romano,
720 393 827 427 sociis
853 397 888 427 et
914 393 1070 434 Latinis,
1087 393 1204 438 pridie
1223 406 1335 438 quam
1354 396 1507 431 excessit

193 452 212 475 e
230 440 318 481 vita,
335 444 377 474 ut
396 452 439 474 ex
456 443 535 473 tam
553 440 626 474 alto
645 439 835 484 dignitatis
860 441 975 484 gradu
993 441 1040 475 ad
1058 452 1208 485 superos
1226 441 1396 499 videatur
1422 443 1509 477 deos

195 487 318 532 potius
337 488 449 531 quam
467 488 513 521 ad
531 487 666 521 inferos
682 487 903 532 pervenisse.

242 535 307 568 IV.
336 536 390 568 13.
417 535 545 578 Neque
575 534 675 568 enim
705 534 890 568 adsentior
918 534 975 575 iis,
1002 534 1065 579 qui
1089 535 1179 569 haec
1197 547 1313 579 nuper
1331 535 1508 589 disserere

195 584 404 625 coeperunt,
423 593 507 615 cum
534 581 745 626 corporibus
772 582 881 616 simul
907 582 1051 616 animos
1076 581 1225 616 interire
1244 586 1354 627 atque
1381 582 1510 618 omnia

194 633 313 662 morte
343 628 475 669 dele1i;
502 629 583 673 plus
612 630 709 681 apud
737 641 797 663 me
825 629 1062 673 antiquorum
1092 641 1158 663 auc·
1163 629 1291 663 toritas
1316 630 1424 670 valet,
1450 630 1509 664 vel

194 679 298 709 nostr
301 687 406 709 orum
424 675 620 716 maiorum,
647 676 709 720 qui
726 676 882 710 mortuis
908 681 986 710 tam
1003 676 1199 720 religiosa
1190 688 1270 710 iura
1288 676 1507 719 tribuerunt,

194 723 292 766 quod
309 735 383 756 non
401 722 573 757 fecissent
590 724 762 775 profecto,
781 723 811 757 si
829 723 922 756 nihil
940 724 986 757 ad
1011 736 1072 757 eos
1071 704 1271 768 &pertinere
1289 723 1506 758 arbitraren-

194 773 264 809 tur,
281 770 339 803 vel
357 782 495 809 eorum,
514 770 577 814 qui
594 771 632 803 in
649 770 718 804 hac
737 774 834 804 terra
858 771 1007 805 fuerunt
1031 783 1281 814 magnamque
1299 770 1508 812 Graeciam,

193 828 286 869 quae
304 829 402 851 nunc
420 817 569 861 quidem
587 818 707 851 deleta
724 822 789 857 est,
809 821 888 851 tum
907 817 1069 858 florebat,
1087 818 1268 852 institutis
1286 822 1321 852 et
1338 830 1506 871 praecep-

190 864 238 898 115
257 864 331 897 5015
350 864 572 905 611111161·,0111
590 865 648 898 vel
666 864 754 906 eius,
773 865 835 908 qui
852 864 1031 908 Apollinis
1049 865 1195 899 oraculo
1213 865 1508 909 sapientissimus

192 914 247 944 est
265 911 458 952 iudicatus,
475 911 565 955 †qui
577 923 652 945 non
669 916 750 946 tum
775 912 856 952 hoc,
882 917 963 945 tum
988 912 1089 952 illud,
1107 916 1148 945 ut
1166 912 1204 945 in
1221 912 1416 956 plerisque,
1443 912 1507 947 sed

191 957 291 992 idem
319 970 473 1003 semper,
507 958 652 992 animos
681 958 877 992 hominum
905 970 983 993 esse
1013 938 1168 999 divinos,
1195 959 1323 1012 iisque,
1351 971 1437 993 cum
1463 971 1508 993 ex

191 1017 339 1049 corpore
366 1005 617 1046 excessissent,
646 1006 808 1040 ieditum
834 1005 873 1039 in
903 1005 1047 1040 caelum
1073 1010 1210 1050 patere,
1234 1006 1444 1051 optimoque
1471 1010 1507 1042 61

191 1052 394 1087 iustissimo
413 1053 543 1097 cuique
562 1053 890 1097 expeditissimum.
925 1054 980 1087 14.
999 1053 1103 1095 Quod
1117 1053 1215 1086 idem
1231 1053 1392 1097 Scipioni
1409 1053 1506 1088 vide-

190 1099 309 1140 batur,
344 1099 406 1144 qui
434 1101 594 1144 quidem,
625 1100 730 1143 quasi
757 1099 990 1144 praesagiret,
1018 1100 1209 1144 perpaucis
1231 1105 1316 1134 ante
1345 1104 1506 1135 mortem

192 1146 331 1187 diebus,
350 1159 435 1181 cum
453 1153 488 1181 et
507 1147 635 1181 Philus
654 1151 689 1181 et
716 1146 892 1181 Manilius
916 1147 1060 1180 adesset
1084 1150 1118 1181 et
1145 1147 1207 1180 alii
1233 1147 1366 1190 plures,
1392 1151 1506 1191 tuque

191 1194 315 1234 etiam,
337 1194 522 1234 Scaevola,
540 1206 687 1228 1116011111
706 1194 880 1235 venisses,
908 1194 1073 1228 triduum
1099 1193 1270 1228 disseruit
1290 1194 1333 1228 de
1351 1205 1389 1228 re
1414 1194 1503 1238 pub-

189 1241 279 1283 lica,
307 1241 410 1275 cuius
441 1241 698 1286 disputationis
732 1241 800 1275 fuit
830 1244 1037 1275 extremum
1064 1241 1138 1275 fere
1166 1241 1209 1274 (16
1238 1241 1507 1276 inmortalitate

190 1288 411 1329 animorum,
430 1300 523 1332 quae
542 1301 578 1323 56
596 1289 635 1322 111
654 1288 774 1332 quiete
788 1300 852 1333 per
865 1288 985 1322 visum
999 1300 1041 1322 ex
1059 1288 1230 1322 Africano
1248 1288 1393 1322 audisse
1412 1288 1504 1323 dice-

190 1334 264 1369 bat.
314 1336 359 1369 Id
377 1336 406 1369 si
424 1336 475 1370 ita
493 1339 558 1377 est,
579 1341 620 1370 ut
638 1336 780 1379 optumi
798 1335 974 1379 cuiusque
985 1335 1132 1369 animus
1144 1335 1183 1368 in
1192 1338 1312 1369 morte
1330 1335 1505 1370 facillime

192 1383 309 1416 evolet
338 1388 531 1427 tamquam
562 1395 580 1416 e
610 1383 775 1417 custodia
802 1383 1006 1426 vinclisque
1033 1382 1204 1426 corporis,
1235 1382 1293 1417 cui
1311 1394 1505 1417 censemus

190 1441 339 1464 cursum
369 1430 415 1464 ad
445 1431 531 1464 deos
560 1430 761 1464 faciliorem
791 1430 903 1464 fuisse
931 1442 1044 1474 quam
1076 1429 1266 1473 Scipioni?
1326 1429 1504 1472 Quocirca

188 1488 352 1511 maerere
370 1477 438 1511 hoc
456 1478 534 1511 eius
551 1482 686 1511 eventu
703 1489 830 1512 vereor
845 1489 892 1511 ne
908 1477 1025 1510 invidi
1045 1477 1163 1520 magis
1181 1488 1293 1520 quam
1310 1476 1421 1511 amici
1446 1476 1505 1512 sit.

192 1524 256 1558 Sin
275 1528 400 1558 autem
427 1525 489 1558 illa
516 1524 668 1565 veriora,
696 1528 737 1559 ut
754 1525 854 1558 idem
879 1524 1051 1558 interitus
1080 1524 1126 1558 sit
1146 1524 1355 1558 animorum
1374 1527 1409 1558 et
1427 1535 1503 1558 cor-

188 1582 320 1615 porum
338 1584 404 1606 nec
422 1572 518 1606 ullus
547 1583 674 1605 sensus
699 1575 861 1613 maneat,
879 1575 920 1606 ut
943 1571 1037 1605 nihil
1063 1570 1149 1605 boni
1167 1574 1221 1605 est
1238 1570 1278 1604 in
1294 1574 1426 1611 morte,
1452 1571 1503 1606 sic

188 1622 285 1652 certe
302 1619 395 1652 nihil
413 1619 523 1653 mali:
551 1630 662 1653 sensu
689 1619 789 1653 enim
816 1618 952 1653 amisso
977 1618 1019 1652 fit
1044 1618 1154 1658 idem,
1172 1617 1277 1662 quasi
1293 1621 1404 1652 natus
1428 1629 1504 1652 non

187 1669 282 1699 esset
300 1666 461 1705 omnino,
481 1678 590 1711 quem
608 1670 734 1700 tamen
753 1678 831 1700 esse
851 1669 983 1700 natum
1001 1669 1036 1700 et
1053 1677 1120 1699 1105
1137 1665 1341 1709 gaudemus
1359 1668 1395 1699 et
1412 1664 1503 1700 haee

186 1712 326 1753 civitas,
346 1714 434 1747 dum
452 1713 530 1753 erit,
549 1712 773 1759 laetal›itur.f
790 1715 844 1747 15.
864 1714 984 1755 Quam
1002 1712 1046 1747 ob
1064 1724 1143 1746 rem
1162 1724 1246 1746 cum
1263 1712 1326 1747 illo
1341 1712 1502 1756 quidem,

184 1763 224 1794 ut
233 1772 342 1804 supra
354 1760 437 1799 dixi,
447 1764 571 1794 actum
583 1761 719 1805 optime
732 1764 797 1801 est,
808 1772 957 1795 mecum
968 1759 1250 1800 incommodius,
1262 1771 1372 1803 quem
1383 1759 1503 1794 fuerat

186 1808 349 1851 aequius,
367 1811 407 1841 ut
425 1808 525 1852 prius
543 1808 768 1848 introieram,
787 1808 837 1843 sic
851 1807 951 1852 prius
970 1807 1067 1841 exire
1086 1808 1128 1840 de
1147 1807 1234 1840 vita.
1285 1807 1358 1841 Sed
1374 1809 1502 1841 tamen

186 1855 436 1888 recordatione
454 1858 601 1888 nostrae
620 1855 806 1889 amicitiae
825 1855 875 1889 sic
893 1854 1003 1895 fruor,
1029 1857 1069 1888 ut
1086 1854 1192 1888 beate
1212 1853 1345 1888 vixisse
1363 1853 1501 1895 videar,

186 1901 272 1945 quia
301 1913 386 1935 cum
415 1902 583 1946 Scipione
610 1902 776 1941 vixerim,
806 1914 965 1946 quocum
994 1901 1087 1935 mihi
1117 1901 1313 1935 coniuncta
1340 1912 1426 1935 cura
1456 1901 1500 1935 de

184 1949 331 1992 publica
358 1961 397 1983 re
428 1954 463 1983 et
491 1950 534 1983 de
565 1949 708 1993 privata
734 1949 813 1989 fuit,
840 1960 1000 1993 quocum
1025 1952 1061 1982 et
1079 1949 1210 1982 (10111115
1228 1948 1296 1982 fuit
1314 1951 1350 1982 et
1366 1947 1501 1982 militia

185 1996 393 2030 communis
421 2000 467 2037 et,
494 1996 532 2029 id
558 1996 597 2030 in
627 2008 697 2040 quo
725 2001 779 2030 est
809 1996 930 2030 omnis
956 1995 1012 2030 vis
1040 1995 1235 2036 amicitiae,
1254 1995 1500 2036 voluntatum,

184 2043 402 2083 studiorum,
431 2043 698 2077 sententiarum
729 2055 876 2077 summa
902 2042 1105 2077 consensio.
1155 2044 1287 2086 Itaque
1315 2053 1391 2076 non
1420 2045 1500 2076 tam

182 2089 254 2123 ista
271 2102 331 2124 1116
358 2091 570 2134 sapientiae,
590 2102 702 2134 quam
729 2091 839 2124 modo
865 2090 1032 2124 Fannius
1058 2089 1373 2130 commemoravit,
1398 2088 1498 2123 fama

184 2137 352 2177 delectat,
371 2138 464 2171 falsa
482 2138 709 2181 praesertim,
729 2150 842 2189 quam
868 2138 965 2181 quod
990 2137 1175 2171 amicitiae
1194 2139 1340 2171 nostrae
1357 2146 1497 2170 memo-

180 2184 275 2218 riam
294 2196 398 2228 spero
416 2185 680 2237 sempiternam
692 2185 778 2226 for,e
779 2185 902 2235 11111116
914 2196 955 2218 60
969 2184 1061 2217 1111111
1073 2184 1191 2228 magis
1205 2188 1259 2217 651
1274 2182 1383 2224 cordi,
1401 2182 1499 2227 quod

181 2242 224 2264 ex
252 2232 422 2265 omnibus
453 2232 607 2266 saeculis
634 2232 695 2265 vix
724 2211 795 2266 tria
819 2236 882 2265 aut
912 2235 1085 2275 quattuor
1117 2231 1358 2265 nominantur
1393 2229 1496 2274 paria

179 2289 404 2320 amicorum
432 2291 503 2322 quo
543 2279 581 2312 in
620 2291 751 2331 genere
779 2290 860 2322 sper
863 2290 924 2313 are
957 2278 1082 2313 videor
1111 2277 1289 2322 Scipionis
1323 2279 1358 2312 et
1390 2276 1497 2311 Laeli

178 2326 382 2360 amicitiam
399 2330 528 2360 notam
546 2326 751 2370 posteritati
768 2326 854 2360 fore.

226 2374 280 2407 10.
307 2374 488 2408 1911110105.
539 2375 640 2408 151110
674 2373 835 2418 quidem,
869 2371 984 2415 Laeli,
1021 2372 1075 2408 ita
1107 2383 1256 2407 necesse
1289 2373 1355 2407 est.
1422 2370 1494 2407 Sed
