1708 2642
157 112 207 149 32
582 123 736 152 CICERO
764 124 821 151 DE
849 125 1056 154 AMicrriA.

153 218 357 251 noscuntur
382 214 422 248 in
450 226 597 259 magna.
648 215 713 250 Sin
740 220 848 251 erunt
877 216 990 261 aliqui
1019 218 1163 262 reperti,
1189 219 1252 263 qui
1280 222 1477 265 pecuniam

152 264 335 308 praeferre
363 262 548 296 amicitiae
583 263 772 297 sordidum
802 263 1025 305 existiment,
1052 265 1116 299 ubi
1146 278 1207 300 eos
1232 267 1476 311 inveniemus,

152 310 216 355 qui
232 311 402 349 honores,
419 309 669 353 magistratus,
683 310 849 354 imperia,
866 315 1078 356 potestates,
1097 324 1182 356 opes
1200 314 1383 350 amicitiae
1400 329 1476 352 non

151 360 389 402 anteponant,
406 362 458 396 ut,
471 368 555 390 cum
574 368 617 391 ex
635 357 749 391 altera
766 362 869 401 parte
886 359 1071 402 proposita
1089 359 1178 394 haec
1197 360 1280 401 sint,
1299 373 1343 396 ex
1360 363 1475 399 altera

149 404 206 439 ius
224 403 420 443 amicitiae,
438 415 512 437 non
529 404 647 438 multo
664 404 727 438 illa
744 405 877 439 malint
891 408 907 440 ἱ)
957 405 1135 440 Inbecilla
1153 407 1252 441 enim
1268 412 1322 443 est
1339 413 1473 446 natura

148 452 196 486 ad
217 452 527 486 contemnendam
551 452 780 495 potentiam;
808 464 921 496 quam
946 453 1092 487 etiamsi
1117 454 1284 497 neglecta
1309 456 1473 492 amicitia

150 499 337 533 consecuti
356 498 439 538 sint,
459 498 695 533 obscuratum
720 499 765 532 iri
791 499 1026 541 arbitrantur,
1046 500 1131 544 quia
1148 513 1222 535 non
1241 502 1319 536 sine
1336 515 1472 547 magna

148 558 260 581 causa
286 546 333 580 sit
357 546 524 590 neglecta
548 546 722 580 amicitia.
772 548 827 580 64.
853 547 985 591 Itaque
1003 560 1109 582 verae
1127 548 1312 583 amicitiae
1331 550 1470 585 difficil-

146 593 235 628 lime
252 593 485 637 reperiuntur
498 593 537 627 in
550 593 605 632 iis,
618 593 681 637 qui
698 593 736 627 in
754 593 954 628 honoribus
971 606 1082 638 reque
1099 595 1244 639 publica
1256 604 1468 639 versantur;

145 640 209 674 ubi
236 641 337 675 enim
364 640 477 674 istum
506 640 685 680 invenias,
704 640 767 684 qui
795 641 974 675 honorem
1003 642 1112 676 amici
1143 647 1341 687 anteponat
1372 648 1468 681 suo?

146 688 242 730 Quid
258 691 274 723 ἶ)
300 688 389 722 11360
407 692 448 721 ut
466 688 648 728 omittam,
667 699 779 731 quam
805 700 944 731 graves,
963 701 1075 733 quam
1102 690 1267 724 difficiles
1284 691 1468 736 plerisque

144 735 317 770 videntur
335 735 590 769 calamitatum
609 735 801 769 societates
818 736 825 768 1
853 736 899 769 ad
917 747 1007 779 quas
1024 748 1100 771 non
1118 740 1172 771 est
1190 738 1295 772 facile
1312 738 1468 775 inventu

141 782 206 826 quj
225 783 460 817 descendant.
510 783 744 826 Quamquam
762 782 908 816 Ennius
924 786 1022 817 recte
1037 796 1043 817 :

330 841 511 876 Amicus
537 844 687 875 certus
712 840 756 874 in
781 852 825 875 re
851 841 1025 876 incerta
1051 842 1267 885 cernitur,

140 908 268 940 tamen
281 905 371 939 haec
390 905 460 939 duo
477 904 639 939 levitatis
653 907 688 939 et
699 904 928 939 infirmitatis
941 906 1132 949 plerosque
1151 907 1385 949 convincunt,
1400 911 1465 944 aut

139 952 171 986 si
188 953 227 986 in
244 952 350 987 bonis
366 952 475 986 rebus
493 955 736 986 contemnunt
753 955 817 986 aut
831 952 870 985 in
887 952 996 986 malis
1014 953 1197 987 deserunt.
1232 955 1377 989 XVIII.
1393 955 1464 998 Qui

137 999 250 1043 igitur
267 1004 421 1044 utraque
440 1000 477 1033 in
495 1011 532 1033 re
558 1011 719 1043 gravem,
738 1002 980 1039 constantem,
1000 999 1169 1034 stabilem
1188 1012 1225 1034 se
1242 1001 1280 1034 in
1299 1002 1463 1038 amicitia

135 1047 371 1090 praestiterit,
400 1047 498 1081 hunc
533 1058 575 1080 ex
604 1046 767 1080 maxime
799 1058 882 1080 raro
915 1058 1047 1090 genere
1080 1047 1275 1081 hominum
1300 1049 1463 1086 iudicare

136 1093 313 1129 debemus
331 1098 367 1128 et
382 1105 498 1138 paene
516 1093 651 1128 divino.

185 1142 359 1185 (XVIII.)
388 1145 443 1175 65.
469 1142 768 1175 Firmamentum
786 1144 912 1175 autem
930 1140 1141 1175 stabilitatis
1159 1142 1461 1187 constantiaeque

134 1192 190 1223 est
216 1188 305 1229 eius,
332 1200 444 1232 quam
477 1188 516 1222 in
549 1188 713 1222 amicitia
746 1187 969 1231 quaerimus,
996 1188 1087 1222 fides
1102 1199 1110 1229 ;
1145 1188 1239 1222 nihil
1269 1193 1324 1224 est
1359 1191 1460 1226 enim

133 1236 275 1276 stabile,
295 1236 391 1279 quod
408 1235 566 1269 infidum
585 1239 650 1269 est.
702 1235 916 1279 Simplicem
941 1240 1130 1279 praeterea
1159 1240 1194 1270 et
1219 1248 1458 1274 communem

132 1286 169 1317 et
187 1283 490 1323 consentientem,
509 1283 546 1316 id
564 1286 618 1316 est
637 1282 698 1326 qui
716 1281 825 1316 rebus
842 1282 960 1316 isdem
982 1286 1187 1323 moveatur,
1206 1283 1290 1327 eligi
1306 1296 1373 1328 par
1391 1288 1458 1327 est,

130 1342 224 1374 quae
242 1330 367 1364 omnia
392 1331 578 1374 pertinent
596 1330 642 1363 ad
659 1329 897 1370 fidelitatem3
924 1341 1043 1374 neque
1069 1330 1170 1364 enim
1195 1330 1311 1365 fidum
1336 1335 1458 1376 potest

130 1389 209 1412 esse
226 1377 420 1422 multiplex
438 1377 630 1421 ingenium
645 1380 680 1411 et
694 1380 913 1417 tortuosum,
927 1389 1046 1421 neque
1060 1389 1157 1418 vero,
1172 1377 1234 1421 qui
1248 1390 1323 1412 non
1336 1379 1456 1415 isdem

127 1424 238 1459 rebus
255 1428 425 1459 movetur
446 1428 651 1468 natiuaque
677 1424 872 1464 consentit,
890 1428 954 1458 aut
980 1424 1076 1458 fidus
1093 1428 1157 1458 aut
1175 1425 1316 1459 stabilis
1332 1430 1455 1470 potest

128 1483 218 1506 esse.
268 1472 490 1506 Addendum
520 1472 649 1506 eodem
679 1474 744 1512 est,
774 1475 816 1505 ut
845 1483 892 1505 ne
919 1471 1136 1506 criminibus
1164 1476 1227 1506 aut
1252 1472 1454 1508 inferendis

128 1519 329 1554 delectetur
347 1522 410 1553 aut
424 1519 547 1553 credat
562 1518 704 1559 oblatis,
720 1530 813 1562 quae
830 1518 1015 1562 pertinent
1034 1519 1159 1553 omnia
1173 1519 1219 1553 ad
1233 1531 1327 1560 eam,
1339 1532 1453 1564 quam

125 1566 203 1600 iam
222 1567 362 1600 dudum
379 1570 507 1606 tracto,
525 1565 784 1600 constantiam.
834 1566 894 1599 Ita
911 1566 953 1600 fit
965 1577 1095 1600 verum
1112 1566 1214 1607 illud,
1233 1567 1329 1611 quod
1345 1567 1452 1603 initio

126 1613 212 1655 dixi,
231 1613 435 1648 amicitiam
461 1613 533 1647 nisi
557 1613 653 1647 inter
672 1613 788 1647 bonos
806 1624 884 1647 esse
902 1625 976 1647 non
993 1625 1110 1657 posse.
1160 1614 1229 1647 Est
1247 1613 1347 1648 enim
1364 1614 1452 1649 boni

124 1660 205 1702 viri,
224 1673 335 1705 quem
362 1661 521 1695 eundem
546 1660 752 1705 sapientem
780 1660 865 1694 licet
895 1660 1025 1701 dicere,
1051 1660 1141 1695 haec
1168 1661 1239 1695 duo
1268 1665 1393 1696 tenere
1410 1662 1451 1697 in

122 1708 309 1743 amicitia:
336 1708 499 1752 primum
524 1720 571 1741 ne
597 1707 685 1751 quid
711 1708 841 1742 fictum
869 1707 915 1741 sit
940 1719 1032 1742 neve
1059 1707 1297 1751 simulatum3
1324 1713 1450 1753 aperte

121 1755 223 1790 enim
241 1756 299 1790 vel
317 1755 436 1790 odisse
454 1755 573 1796 inagis
590 1754 741 1798 ingenui
760 1758 814 1789 est
832 1766 944 1798 quam
964 1755 1084 1789 fronte
1102 1755 1284 1789 occultare
1303 1759 1447 1791 senten-

120 1803 213 1837 tiam
226 1815 234 1844 ;
253 1803 384 1837 deinde
398 1815 473 1836 non
488 1803 607 1836 solum
620 1802 665 1836 ab
680 1802 803 1846 aliquo
821 1802 952 1836 allatas
969 1802 1245 1837 criminationes
1261 1803 1448 1847 repellere,

119 1851 184 1885 sed
201 1862 248 1885 ne
261 1850 384 1894 ipsum
397 1850 546 1894 quidem
565 1861 643 1883 esse
661 1849 905 1894 suspiciosum
923 1861 1067 1893 semper
1081 1849 1220 1893 aliquid
1234 1849 1446 1885 existiman-

119 1901 196 1932 tem
214 1898 259 1932 ab
278 1897 397 1931 amico
416 1909 494 1931 esse
506 1897 697 1931 violatum.
739 1898 795 1930 66.
813 1897 973 1931 Accedat
990 1897 1062 1931 huc
1081 1898 1245 1931 suavitas
1263 1898 1446 1941 quaedam

118 1948 261 1989 oportet
280 1956 494 1979 sermonum
520 1948 631 1988 atque
656 1955 815 1984 morum,
832 1944 1121 1988 haudquaquam
1148 1944 1333 1978 mediocre
1360 1956 1444 1979 con-

119 1992 329 2026 dimentum
357 1991 553 2025 amicitiae.
603 1991 769 2026 Tristitia
792 1994 919 2025 autem
946 1994 981 2025 et
1006 1991 1045 2025 in
1071 1991 1173 2025 omni
1202 2003 1240 2025 re
1268 1991 1444 2027 severitas

115 2038 227 2074 habet
245 2039 308 2073 illa
326 2038 477 2084 quidem
501 2038 732 2082 gravitatem,
752 2039 815 2072 sed
844 2038 1008 2072 amicitia
1036 2038 1223 2072 remissior
1241 2050 1318 2073 esse
1337 2038 1443 2074 debet

115 2090 152 2121 et
180 2086 328 2121 liberior
355 2089 391 2121 et
421 2086 561 2120 dulcior
588 2088 624 2120 et
651 2086 697 2120 ad
724 2097 874 2120 omnem
908 2085 1123 2120 comitatem
1152 2085 1442 2130 facilitatemque

112 2134 321 2178 proclivior.

161 2181 265 2214 XIX.
285 2183 340 2215 67.
360 2179 497 2214 Existit
511 2182 637 2214 autem
647 2180 716 2214 hoc
730 2180 809 2214 loco
824 2180 1006 2225 quaedam
1021 2179 1185 2224 quaestio
1198 2179 1438 2222 subdifficilis,

112 2239 205 2262 num
232 2228 379 2273 quando
405 2227 516 2261 amici
542 2227 640 2268 novi,
659 2227 759 2271 digni
778 2227 953 2268 amicitia,
979 2227 1165 2262 veteribus
1191 2227 1264 2261 sint
1290 2229 1437 2271 antepo-

111 2275 236 2316 nendi,
264 2279 305 2309 ut
336 2275 440 2319 equis
471 2274 606 2309 vetulis
634 2278 782 2309 teneros
805 2278 1027 2319 anteponere
1057 2274 1228 2309 solemus.
1278 2273 1437 2318 Indigna

110 2321 262 2357 homine
293 2321 474 2357 dubitatio
489 2322 497 2356 1
548 2322 634 2357 Non
662 2321 763 2357 enim
793 2321 927 2357 debent
956 2333 1034 2356 esse
1061 2321 1311 2356 amicitiarum
1341 2321 1436 2357 sicut
