1698 2662
635 180 787 209 cmERo
816 181 872 207 DE
901 179 1108 208 AMICITIA.
1485 170 1543 209 25.

213 284 441 319 quamquam
465 272 645 307 utilitates
672 271 811 306 multae
841 274 877 306 et
905 282 1063 314 magnae
1090 273 1307 305 consecutae
1336 273 1434 311 sunt,
1461 282 1536 305 non

213 325 301 358 sunt
328 326 454 356 tamen
481 319 525 354 ab
555 331 683 354 earum
708 330 774 363 spe
799 329 930 364 causae
956 317 1132 362 diligendi
1156 308 1402 366 profectaes
1399 319 1455 352 31.
1483 318 1536 353 Ut

213 368 315 403 enim
347 368 503 402 benefici
534 366 774 410 liberalesque
808 376 947 405 sumus,
979 376 1055 399 non
1083 368 1125 399 ut
1154 364 1344 407 exigamus
1376 366 1537 408 gratiam

215 417 348 460 (neque
381 415 480 449 enim
512 413 732 448 beneficium
765 413 1009 452 faeneramur‚
1037 412 1100 445 sed
1132 416 1266 446 natura
1290 411 1462 456 propensi
1489 412 1537 446 ad

210 462 472 497 liberalitatem
498 462 653 503 sumus),
679 460 729 494 sic
754 459 958 506 amicitiam
982 470 1058 493 non
1083 470 1145 503 spe
1169 459 1350 493 mercedis
1375 459 1536 500 adducti,

213 510 278 545 sed
296 509 393 554 quod
418 508 539 543 omnis
566 508 644 542 eius
673 508 813 541 fructus
842 506 881 540 in
909 506 988 550 ipso
1014 517 1139 540 amore
1164 505 1271 546 inest,
1291 507 1535 550 expetendam

212 560 400 602 putamus.
449 558 505 590 32.
530 555 586 589 Ab
603 555 672 594 his,
691 554 754 599 qui
777 553 960 599 pecudum
983 553 1058 587 ritu
1083 553 1130 587 ad
1153 553 1382 597 voluptatem
1409 553 1536 588 omnia

212 604 388 644 referunt,
405 603 512 646 longe
535 602 768 641 dissentiunt,
786 612 854 635 nec
870 589 1009 634 mfrum
1024 611 1031 641 3
1057 600 1152 634 nihil
1176 601 1277 634 enim
1294 601 1423 641 altum,
1440 600 1537 634 nihil

212 650 456 695 magnificum
474 661 515 684 ac
534 649 702 683 divinum
720 648 902 692 suspicere
926 651 1092 692 possamt,
1111 647 1173 691 qui
1192 659 1277 681 suas
1294 659 1423 682 omnes
1440 647 1534 692 cogi-

211 697 372 732 tationes
397 696 608 731 abiecerunt
624 696 663 730 in
680 707 759 729 rem
784 699 863 729 tam
886 695 1068 729 humilem
1094 698 1245 738 tamque
1271 699 1536 739 contemptam.

213 744 335 786 Quam
362 744 407 778 ob
436 755 515 777 rem
544 743 611 777 hos
639 743 789 787 quidem
815 741 860 776 ab
889 742 957 776 hoc
983 753 1152 776 sermone
1177 753 1446 782 removeamus,
1464 742 1536 786 ipsi

213 794 340 826 autem
365 791 625 833 intellegamus
651 794 784 824 natura
809 789 910 838 Qi
935 800 1085 824 sensum
1115 788 1291 832 diligendi
1321 793 1356 823 et
1385 746 1555 849 benum-¹

211 838 348 873 lentiae
381 838 574 872 caritatem
589 837 705 878 (facta
744 825 1039 884 significatione}
1052 831 1273 883 probitatis.)
1317 836 1438 878 Quam
1472 837 1536 880 qui

213 884 481 930 adpetiverunt,
500 885 686 928 adplicant
711 896 748 918 se
775 888 810 918 et
834 883 984 928 propius
1013 883 1223 923 admovent,
1240 886 1282 917 ut
1303 887 1339 917 et
1355 895 1428 926 usu,
1443 883 1533 924 eius,

212 943 325 977 quem
344 932 492 976 diligere
517 935 725 976 coeperunt,
744 931 913 965 fruantur
938 934 974 965 et
1002 930 1167 965 moribus
1192 930 1338 974 sintque
1362 942 1469 974 pares
1493 930 1534 964 in

212 991 338 1014 amore
355 983 391 1013 et
408 979 580 1023 aequales
596 978 921 1023 propensioresque
946 978 992 1012 ad
1009 977 1102 1012 bene
1119 978 1338 1011 merendum
1357 989 1469 1022 quam
1488 977 1536 1011 ad.

211 1026 490 1071 reposcendum,
508 1030 618 1070 atque
635 1026 724 1060 haec
742 1026 838 1059 inter
863 1037 925 1060 eos
950 1025 997 1059 sit
1022 1025 1177 1059 honesta
1206 1012 1397 1075 certatics
1421 1024 1480 1059 Sic
1498 1030 1535 1059 et

211 1073 392 1108 utilitates
410 1085 463 1112 ¹ex
492 1072 662 1107 amicitia
685 1073 870 1107 maximae
898 1072 1098 1117 capientur,
1116 1078 1152 1106 et
1179 1072 1248 1106 erit
1277 1071 1356 1106 eius
1383 1075 1485 1106 ortus
1513 1083 1534 1106 a

212 1125 346 1156 natura
364 1132 476 1165 quam
500 1120 545 1154 ab
571 1120 808 1154 inbecillitate
824 1119 979 1164 [gravior
996 1123 1032 1154 et
1048 1119 1177 1154 verior.
1191 1122 1194 1129 '
1227 1120 1327 1153 Nam
1344 1118 1375 1153 si
1392 1118 1535 1154 utilitas

213 1167 397 1203 amicitias
414 1167 694 1212 conglutinaret,
713 1168 842 1201 eadem
860 1170 1088 1201 commutata
1107 1166 1339 1208 dissolverem
1367 1166 1431 1200 sed
1472 1166 1550 1211 uiad

211 1219 346 1250 natura
370 1215 509 1249 mutari
532 1226 608 1248 non
635 1218 766 1259 potest,
784 1214 918 1249 idcirco
940 1225 1048 1248 verae
1078 1213 1263 1248 amicitiae
1289 1217 1536 1257 sempiternae

213 1266 311 1297 sunt.
361 1263 494 1309 Ortum
519 1262 669 1306 quidem
691 1261 875 1306 amicitiae
894 1260 1036 1302 videtis,
1054 1261 1127 1296 nisi
1152 1260 1241 1312 ‘ffiid
1263 1260 1310 1294 ad.
1331 1261 1423 1295 haec
1441 1261 1534 1295 forte

212 1309 336 1345 vultis.
384 1310 393 1313 ”
1203 1310 1212 1313 “
1308 1317 1346 1319 ”“
1386 1317 1484 1321 ⁴
1511 1316 1520 1319 ⁷

259 1358 442 1391 FANNms.
491 1357 547 1390 Tu
573 1368 658 1390 vero
684 1367 804 1401 perge,
830 1356 955 1398 Laeli3
990 1367 1055 1401 pro
1081 1355 1150 1391 hoc
1180 1355 1291 1397 enim,
1326 1355 1389 1400 qui
1413 1355 1536 1390 minor

211 1407 267 1439 est
283 1408 386 1446 natu,
403 1416 486 1438 meo
503 1403 581 1438 iure
597 1404 811 1448 respondeo.

259 1453 316 1486 33.
343 1452 547 1486 SCAEVOLA.
597 1452 710 1485 Recte
727 1455 769 1485 tu
786 1450 947 1495 quidem.
997 1451 1117 1493 Quam
1134 1450 1179 1485 ob
1196 1462 1277 1485 rem
1294 1450 1501 1485 audiamus.

258 1499 306 1533 X.
331 1499 511 1532 LAELIUS.
559 1498 694 1532 Audite
717 1510 813 1538 vero,
840 1497 983 1542 optumi
1007 1498 1087 1538 viri,
1113 1510 1167 1539 ea,
1193 1510 1287 1543 quae
1314 1498 1530 1543 saepissime

212 1545 309 1580 inter
320 1558 380 1580 me
393 1550 429 1580 et
445 1545 654 1590 Scipionem
666 1546 710 1580 de
724 1545 888 1579 amicitia
902 1545 1185 1580 disserebantur.
1213 1547 1450 1590 Quamquam
1462 1547 1525 1582 ille

213 1593 363 1637 quidem
389 1593 483 1627 nihil
501 1593 686 1627 difficilius
704 1604 783 1627 esse
802 1593 955 1634 dicebat,
975 1604 1087 1637 quam
1112 1593 1317 1627 amicitiam
1341 1605 1458 1638 usque
1484 1595 1532 1629 ad

213 1643 422 1675 extremum
445 1640 543 1675 vitae
570 1640 668 1674 diem
692 1652 920 1684 permanere.
970 1641 1079 1681 Nam,
1097 1640 1157 1675 vel
1180 1644 1222 1674 ut
1247 1653 1322 1675 non
1346 1641 1446 1676 idem
1472 1653 1531 1676 ex-

213 1687 365 1732 pediret,
379 1687 540 1722 incidere
558 1699 676 1732 saepe,
688 1687 747 1721 vel
763 1692 804 1721 ut
822 1688 865 1721 de
883 1699 921 1722 re
938 1688 1084 1732 publica
1101 1699 1177 1722 non
1194 1688 1293 1722 idem
1312 1688 1531 1732 sentiretur;

213 1734 353 1769 mutari
364 1735 478 1769 etiam
494 1747 617 1769 mores
629 1734 826 1769 hominum
840 1747 947 1780 saepe
962 1734 1116 1776 dicebat,
1128 1734 1220 1769 alias
1233 1735 1397 1770 adversis
1409 1736 1532 1779 rebus,

215 1781 307 1816 alias
332 1786 452 1816 aetate
477 1781 766 1826 ingravescente.
815 1783 936 1826 Atque
955 1794 1082 1816 earum
1107 1793 1232 1816 rerum
1250 1783 1461 1828 exemplum
1487 1796 1532 1818 ex

215 1828 459 1864 similitudine
489 1829 655 1873 capiebat
680 1829 843 1863 ineuntis
877 1829 1018 1871 aetatis,
1047 1829 1144 1874 quod
1170 1830 1308 1864 summi
1332 1842 1530 1875 puerorum

215 1887 360 1910 amores
375 1888 482 1920 saepe
493 1888 568 1910 una
582 1888 667 1910 cum
678 1880 867 1920 praetexta
878 1880 963 1921 toga
976 1880 1199 1921 ponerentur
1212 1876 1307 1923 ξ’Ῐ34]
1328 1877 1385 1912 sin
1403 1883 1529 1913 autem

215 1923 263 1957 ad
287 1923 577 1958 adulescentiam
594 1923 861 1968 perduxissent,
880 1924 1005 1958 dirimi
1021 1928 1150 1959 tamen
1174 1924 1362 1959 interdum
1380 1930 1528 1960 conten·
1561 1927 1572 2000 Ι

214 1969 315 2004 tione
333 1971 392 2004 vel
416 1970 566 2005 uxoriae
585 1970 811 2005 condicionis
827 1971 885 2006 vel
897 1970 1095 2016 ‘commodi
1117 1971 1282 2013 alicuius,
1309 1973 1406 2017 quod
1431 1973 1531 2007 idem

215 2016 369 2061 adipisci
398 2021 552 2062 uterque
581 2029 657 2052 non
689 2021 823 2063 posset.
874 2007 1102 2063 QuoTssTffii
1129 2019 1275 2063 longius
1300 2019 1338 2053 in
1365 2020 1531 2055 amicitia

213 2064 378 2109 provecti
405 2069 537 2105 essent,
556 2068 684 2099 tamen
715 2077 822 2110 saepe
847 2065 1072 2107 labefactari,
1091 2065 1122 2100 si
1146 2066 1185 2100 in
1209 2066 1359 2101 honoris
1377 2071 1524 2102 conten-

213 2111 355 2146 tionem
372 2111 608 2153 incidissent3
634 2116 778 2157 pestem
792 2112 892 2147 enim
908 2113 1052 2147 nullam
1069 2113 1249 2147 maiorem
1264 2126 1342 2148 esse
1360 2115 1534 2150 amicitiis

214 2170 327 2203 quam
353 2159 393 2192 in
416 2159 600 2203 plerisque
624 2159 801 2204 pecuniae
820 2160 1073 2205 cupiditatem,
1091 2160 1130 2194 in
1148 2161 1297 2205 optimis
1323 2161 1530 2207 quibusque

214 2205 365 2240 honoris
384 2210 572 2240 certamen
590 2210 625 2240 et
642 2206 800 2251 gloriae3
827 2219 870 2242 ex
885 2219 956 2252 quo
979 2207 1193 2242 inimicitias
1218 2208 1403 2243 maximas
1426 2221 1534 2254 saepe

213 2252 312 2287 inter
336 2253 582 2288 amicissimos
607 2254 800 2289 exstitisse.
850 2256 906 2289 35.
933 2255 1071 2299 Magna
1089 2255 1203 2289 etiam
1221 2256 1373 2290 discidia
1399 2260 1434 2291 et
1458 2257 1531 2301 ple-

213 2311 370 2345 rumque
395 2300 495 2335 iusta
519 2300 632 2341 nasci,
651 2313 736 2336 cum
762 2301 902 2346 aliquid
926 2301 972 2336 ab
998 2302 1139 2343 amicis,
1165 2304 1262 2347 quod
1286 2307 1430 2338 rectum
1455 2315 1531 2340 non

214 2351 322 2389 esset,
337 2348 596 2393 postularetur,
614 2352 656 2383 ut
673 2352 737 2384 aut
753 2348 917 2384 libidinis
934 2349 1097 2385 ministri
1114 2354 1178 2385 aut
1196 2350 1381 2386 adiutores
1407 2355 1531 2387 essent
