1698 2662
587 152 739 180 CICERO
767 152 824 179 DE
853 152 1057 180 AMICITIA.
1439 146 1489 184 33

167 244 325 281 aliarum
342 255 467 280 rerum
485 243 697 285 satietates;
723 243 922 278 veterrima
947 255 1124 288 quaeque,
1150 247 1192 278 ut
1217 255 1260 279 ea
1276 244 1374 286 vina,
1393 257 1486 290 quae

168 296 394 328 vetustatem
418 292 552 333 ferunt,
570 303 648 326 esse
675 290 782 326 debet
808 291 1047 332 suavissima3
1074 302 1277 336 verumque
1305 291 1398 327 illud
1422 297 1488 335 est,

169 340 267 385 quod
285 340 429 380 dicitur,
447 339 585 374 multos
598 339 741 373 modios
753 338 839 372 salis
853 338 964 372 simul
976 338 1136 372 edendos
1147 350 1236 380 esse,
1247 341 1289 373 ut
1303 339 1488 375 amicitiae

169 399 307 422 munus
325 387 511 439 expletum
529 386 587 421 sit.
636 386 912 420 68.N0x1tztes
936 388 1061 419 autem
1080 385 1110 419 si
1128 397 1231 430 spem
1248 386 1429 428 adferunt,
1447 390 1489 422 ut

168 438 364 479 tamquam
392 434 432 467 in
457 433 581 468 herbis
608 445 684 467 non
712 432 904 467 fallacibus
932 432 1073 467 fructus
1098 436 1283 477 appareat,
1308 445 1383 468 non
1402 437 1488 469 sunt

167 481 253 516 illae
272 481 422 525 quidem
438 481 697 525 repudiandae,
708 483 873 514 vetustas
891 483 1018 514 tamen
1036 491 1101 514 suo
1118 480 1198 514 loco
1217 481 1486 534 conservanda3

166 528 332 563 maxima
366 532 420 562 est
451 527 550 562 enim
576 527 632 562 vis
661 527 856 561 vetustatis
885 531 921 561 et
946 527 1236 562 consuetudinis.
1286 528 1383 570 Quin
1406 528 1486 573 ipso

168 587 273 620 equo,
292 575 396 610 cuius
412 575 522 609 modo
548 575 617 609 feci
641 574 881 615 mentionem,
908 573 938 608 81
963 574 1065 608 nulla
1090 586 1148 608 res
1169 574 1358 619 impediat,
1375 587 1486 610 nemo

168 627 234 664 est,
253 623 342 667 quin
359 634 412 663 eo,
430 633 502 666 quo
520 622 721 662 consuevit,
746 621 921 656 libentius
944 625 1071 655 utatur
1094 633 1207 665 quam
1225 623 1422 657 intractato
1448 626 1484 657 et

167 682 274 705 novo.
324 670 401 703 Nec
418 680 504 703 vero
521 669 561 702 in
577 669 658 709 hoc,
677 669 774 713 quod
799 672 854 703 est
879 668 1030 709 animal,
1049 669 1113 702 sed
1129 669 1168 702 in
1185 669 1230 703 iis
1248 669 1371 711 etiam,
1390 681 1484 714 quae

167 720 255 752 sunt
277 716 455 757 inanima,
484 716 711 750 consuetudo
740 716 848 756 valet,
879 727 991 760 quom
1019 715 1109 750 locis
1134 716 1223 760 ipsis
1248 716 1483 757 delectemur,

167 763 374 798 montuosis
401 763 515 797 etiam
545 766 580 798 et
606 763 845 804 silvestribus,
870 763 910 797 in
935 762 1068 807 quibus
1098 763 1236 797 diutius
1266 764 1485 799 commorati

167 822 308 846 sumus.

215 860 271 892 69.
299 857 371 892 Sed
387 856 596 891 maximum
614 861 668 892 est
686 857 724 891 in
742 857 906 892 amicitia
922 869 1051 902 parem
1068 868 1146 891 esse
1164 857 1338 892 inferiori.
1374 858 1489 903 Saepe

168 904 270 939 enim
288 904 523 939 excellentiae
541 905 723 948 quaedam
748 908 845 946 sunt,
864 905 982 949 qualis
1000 908 1077 939 erat
1097 904 1277 949 Scipionis
1294 905 1333 938 in
1350 910 1488 947 nostro,

166 958 209 987 ut
225 952 278 986 ita
296 952 428 992 dicam,
446 963 564 996 grege.
602 953 819 996 Numquam
837 964 874 986 se
891 952 952 986 ilie
970 952 1086 992 Philo,
1104 963 1311 996 numquam
1328 952 1488 997 Rupilio,

165 1011 373 1043 numquam
410 998 595 1033 Mummio
633 999 853 1043 anteposuit,
889 1011 1096 1043 numquam
1136 999 1321 1033 inferioris
1349 1000 1488 1034 ordinis

166 1046 306 1087 amicis,
326 1047 367 1089 Q.
386 1058 471 1081 vero
490 1046 699 1080 Maximum
714 1047 877 1087 fratrem,
890 1047 1077 1091 egregium
1094 1046 1217 1080 virum
1234 1046 1396 1088 omnino,
1415 1047 1484 1081 sibi

164 1105 401 1138 nequaquam
417 1105 556 1138 parem,
570 1094 667 1137 quod
684 1094 714 1128 is
727 1093 890 1128 anteibat
903 1098 1034 1134 aetate,
1052 1097 1246 1138 tamquam
1261 1094 1486 1139 superiorem

164 1141 307 1175 colebat
337 1152 495 1185 suosque
525 1152 654 1175 omnes
686 1153 750 1185 per
780 1153 817 1175 se
844 1153 950 1186 posse
984 1153 1063 1175 esse
1096 1141 1294 1186 ampliores
1326 1141 1483 1176 volebat.

164 1190 221 1223 70.
248 1189 354 1231 Quod
383 1188 595 1223 faciendum
621 1188 920 1232 imitandumque
947 1192 1001 1222 est
1027 1188 1209 1229 omnibus,
1238 1192 1290 1229 ut,
1310 1189 1340 1223 si
1370 1201 1483 1233 quam

164 1235 433 1281 praestantiam
450 1235 608 1276 virtutis,
626 1235 775 1280 ingenii,
794 1236 963 1270 for-timae
981 1235 1168 1270 consecuti
1181 1235 1264 1277 sint,
1282 1236 1484 1280 inpertiant

167 1295 210 1317 ea
221 1283 297 1317 suis
314 1282 662 1327 communicentque
675 1295 759 1317 cum
770 1283 958 1327 proximis,
975 1287 1027 1323 ut,
1041 1283 1071 1317 si
1088 1283 1303 1328 parentibus
1320 1283 1400 1318 nati
1411 1284 1485 1319 sint

165 1329 381 1372 humilibus,
421 1330 452 1365 si
477 1329 702 1375 propinquos
729 1330 889 1364 habeant
916 1329 1141 1365 inbecilliore
1174 1331 1232 1365 vel
1265 1330 1391 1365 animo
1424 1331 1484 1366 vel

165 1377 324 1418 fortuna,
337 1389 465 1412 eorum
482 1382 642 1422 augeant
659 1389 746 1422 opes
763 1377 887 1422 eisque
905 1377 1036 1412 honori
1054 1377 1128 1412 sint
1146 1381 1182 1412 et
1200 1377 1383 1422 dignitati.
1433 1379 1487 1414 Ut

165 1424 205 1459 in
222 1424 366 1465 fabulis,
386 1424 449 1469 qui
466 1425 696 1469 aliquamdiu
707 1429 854 1469 propter
864 1425 1134 1469 ignorationem
1147 1425 1270 1470 stirpis
1288 1429 1324 1459 et
1340 1426 1486 1470 generis

163 1471 204 1505 in
221 1471 405 1506 famulatu
421 1472 581 1513 fuerunt,
600 1484 685 1507 cum
706 1472 843 1516 cogniti
861 1475 947 1507 sunt
964 1476 1000 1507 et
1018 1476 1082 1507 aut
1100 1472 1254 1507 deorum
1272 1476 1336 1507 aut
1352 1484 1483 1517 regum

163 1518 231 1553 filii
247 1519 402 1561 inventi,
427 1519 589 1554 retinent
613 1523 739 1554 tamen
750 1500 960 1554 t>caritatem
986 1519 1025 1553 in
1049 1523 1225 1564 pastores,
1245 1532 1336 1564 quos
1360 1525 1483 1564 patres

162 1566 300 1601 multos
318 1579 434 1601 annos
452 1578 530 1601 esse
557 1567 751 1602 duxerunt.
802 1567 907 1609 Quod
925 1570 980 1601 est
996 1567 1115 1602 multo
1131 1567 1294 1620 profecto
1310 1568 1430 1621 magis
1442 1568 1482 1602 in

162 1613 258 1648 veris
286 1613 453 1659 patribus
482 1614 664 1658 certisque
691 1614 913 1649 faciendum.
969 1615 1128 1649 Fructus
1155 1614 1256 1649 enim
1284 1614 1423 1659 ingenii
1449 1619 1486 1650 et

162 1660 312 1696 xirtutis
338 1661 532 1706 omnisque
561 1662 809 1707 praestantiae
839 1665 921 1696 tum
945 1673 1145 1697 maxumus
1163 1662 1316 1707 capitur,
1334 1674 1420 1697 cum
1445 1663 1484 1697 in

162 1720 387 1753 proxumum
404 1721 588 1753 quemque
605 1709 801 1744 confertur.

210 1756 294 1790 XX.
320 1757 376 1791 71.
402 1756 454 1791 Ut
471 1756 583 1801 igitur
606 1756 643 1798 ii,
670 1756 733 1801 qui
759 1759 844 1791 sunt
869 1756 909 1790 in
934 1756 1119 1791 amicitiae
1144 1756 1487 1802 coniunctionisque

163 1803 436 1838 necessitudine
453 1804 667 1848 superiores,
694 1816 896 1848 exaequare
923 1816 960 1838 se
985 1816 1072 1839 cum
1088 1804 1322 1839 inferioribus
1340 1804 1485 1847 debent,

165 1850 217 1885 sic
234 1850 426 1885 inferiores
449 1863 525 1885 non
542 1851 664 1886 dolere
692 1863 729 1886 se
758 1864 778 1885 a
803 1852 879 1886 suis
908 1855 972 1886 aut
996 1851 1144 1896 ingenio
1162 1855 1226 1886 aut
1243 1852 1391 1886 fortuna
1416 1856 1480 1887 aut

163 1897 343 1942 dignitate
381 1898 556 1943 superari.
622 1899 787 1941 Quorum
814 1899 978 1944 plerique
1008 1903 1072 1934 aut
1099 1903 1303 1944 queruntur
1336 1911 1481 1944 semper

161 1945 302 1989 aliquid
319 1949 383 1980 aut
400 1946 514 1980 etiam
539 1946 770 1991 exprobrant,
789 1958 903 1991 eoque
928 1946 1058 1990 magis,
1077 1946 1108 1981 si
1125 1946 1260 1981 habere
1279 1958 1316 1981 se
1333 1950 1477 1991 putant,

160 1993 259 2036 quod
276 1992 436 2027 officiose
454 1997 490 2028 et
508 1993 626 2028 amice
652 1998 687 2028 et
713 2005 798 2028 cum
815 1994 939 2028 labore
957 1994 1080 2038 aliquo
1099 2005 1165 2028 suo
1182 1994 1322 2028 factum
1340 1998 1478 2038 queant

156 2039 287 2074 dicere.
338 2040 517 2075 Odiosum
535 2052 623 2075 sane
647 2052 763 2086 genus
788 2041 984 2075 hominum
1010 2041 1131 2076 officia
1149 2041 1473 2086 exprobrantium;

157 2099 251 2131 quae
268 2087 484 2122 meminisse
501 2087 608 2122 debet
625 2087 667 2129 is,
685 2088 725 2122 in
750 2100 861 2132 quem
879 2089 1024 2123 conlata
1042 2092 1139 2130 sunt,
1156 2100 1232 2123 non
1250 2100 1474 2124 commemo-

153 2146 246 2176 rare,
265 2135 328 2180 qui
345 2135 511 2170 contulit.
562 2137 618 2170 72.
645 2136 766 2178 Quam
784 2135 829 2170 ob
846 2148 937 2177 rem,
955 2140 996 2171 ut
1014 2136 1051 2177 ii,
1070 2135 1133 2181 qui
1150 2136 1355 2181 superiores
1373 2140 1470 2178 sunt,

153 2184 387 2217 summittere
416 2194 454 2217 se
481 2181 615 2218 debent
640 2182 680 2216 in
705 2182 880 2224 amicitia,
899 2183 950 2218 sic
977 2184 1138 2228 quodam
1154 2183 1265 2218 modo
1282 2183 1474 2219 inferiores

154 2230 338 2264 extollere.
389 2230 484 2265 Sunt
510 2230 611 2264 enim
636 2230 798 2275 quidam,
825 2231 888 2275 qui
912 2231 1088 2266 molestas
1114 2230 1297 2266 amicitias
1322 2231 1473 2272 faciunt,

155 2288 242 2312 cum
255 2277 326 2322 ipsi
344 2289 381 2312 se
399 2277 588 2317 contemni
611 2281 765 2322 putant;
794 2278 891 2322 quod
916 2290 992 2313 non
1016 2278 1090 2313 fere
1116 2277 1296 2322 contingit
1320 2278 1394 2313 nisi
1417 2278 1474 2319 iis,

160 2324 224 2369 qui
240 2325 355 2361 etiam
372 2325 663 2361 contemnendos
687 2337 726 2361 se
751 2324 978 2361 arbitrantur
1027 2325 1090 2372 qui
1113 2325 1184 2361 hac
1209 2325 1380 2371 opinione
1404 2337 1481 2361 non

809 2383 828 2407 c
