1708 2642
619 202 896 233 CICERO—DE
930 200 1152 232 AMICITIA.

526 346 671 381 TES'I·
698 345 893 380 PAPER
917 345 981 380 13.
1027 344 1083 386 (§§
1103 347 1239 385 59—81.)

264 426 292 455 1.
317 423 622 463 Translatet—(a)
644 424 727 463 ξ61,
755 424 819 455 His
836 424 942 463 igitur
1016 424 1136 463 possit.

575 468 624 509 (b)
648 468 731 508 §71‚
756 468 909 507 Quorum
926 468 1082 507 plerique
1157 469 1450 508 exprobrantium.

262 513 292 542 2.
318 513 500 544 Translate
516 513 576 544 the
593 512 771 553 following
787 522 960 552 passageS,
977 513 1046 542 and
1062 513 1161 544 write
1178 514 1276 544 short
1298 517 1399 545 notes
1421 524 1465 545 on
1490 514 1548 545 the

218 557 390 588 italicised
405 557 517 588 words
530 570 582 587 :—-

352 601 403 642 (a)
431 602 591 641 Negabat
628 602 731 631 ullam
768 610 886 630 vocem
922 599 1152 631 inimiciorem
1185 601 1361 632 amicitiae
1393 603 1548 642 potuisse

482 645 626 685 reperiri
643 655 745 685 quam
760 645 837 681 qius,
851 645 909 684 qui
927 645 1069 675 <limis-set
1085 645 1136 675 ita
1152 655 1268 677 amare
1285 648 1443 686 oportere
1461 651 1500 677 ut
1517 648 1546 677 si

481 690 664 728 aliquando
682 692 772 720 esset
788 699 920 719 osurus.

354 732 405 772 (b)
432 733 495 765 Est
529 734 637 774 igitur
658 733 839 772 prudentis
867 732 1040 764 sustinere
1067 735 1106 763 ut
1131 743 1277 772 cursum,
1304 734 1353 765 sic
1378 734 1548 774 impetum

483 778 765 813 benevolentiae,
797 787 859 815 qno
884 780 1025 807 utamur
1047 777 1146 817 quasi
1162 779 1258 818 equis
1281 780 1475 818 temptatis,
1500 779 1549 809 sic

482 822 645 859 amicitia,
660 832 699 852 ex
717 822 833 861 aliqua
849 824 947 860 parte
961 822 1169 859 periclitatis
1183 822 1333 853 moribus
1347 823 1548 854 amicorum.

354 864 400 906 (c)
431 866 560 905 Quodsi
576 867 640 896 hoc
658 869 801 905 apparet
818 866 853 895 in
873 866 998 902 bestiis,
1021 866 1221 904 volucribus,
1244 867 1418 906 nantibus,
1442 878 1548 906 ‹tyres-

485 911 588 948 tibus,
606 911 782 947 cicuribus,
794 910 891 947 feris,
911 910 1062 949 primum
1080 913 1119 940 ut
1135 919 1172 940 se
1188 910 1284 950 ipsae
1300 911 1458 951 diligant.

264 954 295 986 3.
322 954 373 992 (α)
408 955 496 985 Who
527 964 617 985 were
646 954 737 992 Bias,
772 954 971 991 Mummius,
1005 954 1043 993 Q.
1073 954 1256 994 Maximus,
1288 956 1546 995 Neoptolemus,

220 998 444 1039 Lycomedes,
461 999 498 1029 P.
517 998 701 1038 Rupilius?

266 1041 309 1082 (b)
335 1043 451 1079 What,
468 1043 654 1082 according
671 1046 706 1072 to
731 1042 878 1080 Laelius,
902 1052 961 1073 are
985 1043 1045 1073 the
1070 1044 1138 1073 two
1166 1042 1260 1074 chief
1289 1053 1409 1074 causes
1437 1043 1549 1074 which

218 1086 297 1117 lead
314 1088 350 1117 to
366 1097 387 1118 a
402 1087 530 1118 breach
548 1087 586 1118 of
598 1085 816 1126 friendsliip?

516 1215 658 1249 TEST
692 1214 887 1249 PAPER
917 1214 983 1248 14.
1018 1214 1073 1255 (§§
1091 1215 1249 1253 82—104.)

265 1295 293 1323 l.
319 1294 500 1324 Translate
514 1292 621 1333 ε-(α)
650 1293 731 1332 ξ84,
757 1293 854 1332 Quod
870 1303 949 1323 cuni
1024 1294 1129 1333 cogit.

574 1337 625 1376 (b)
654 1337 738 1376 §96,
763 1338 894 1376 Quibus
911 1338 1089 1368 blanditiis
1164 1337 1282 1369 oratio.

262 1382 294 1412 2.
320 1382 501 1413 Translate
518 1383 578 1412 the
591 1382 767 1422 following
784 1392 956 1422 passages,
974 1382 1042 1412 and
1058 1383 1158 1413 write
1175 1381 1271 1413 short
1295 1385 1395 1413 notes
1419 1391 1462 1412 on
1488 1382 1547 1413 the

220 1425 391 1457 italicised
407 1427 518 1456 words
530 1439 581 1456 :——

356 1469 403 1511 (a)
433 1469 591 1505 Quamvis
609 1471 698 1501 enim
717 1469 837 1501 multis
854 1471 1048 1500 ‘nominibus
1064 1476 1117 1501 est
1133 1470 1198 1501 hoc
1215 1471 1338 1500 vitium
1364 1471 1545 1500 notandum

484 1516 611 1545 levium
651 1516 831 1545 hominum
869 1517 974 1554 atque
1019 1514 1206 1552 fallacium,
1246 1515 1288 1544 acl
1333 1515 1544 1545 voluntatem

485 1559 699 1599 loquentium
717 1559 842 1596 omnia,
860 1559 945 1588 nihil
963 1559 1007 1590 ad
1024 1559 1224 1589 veritatem.

355 1601 406 1643 (b)
436 1604 485 1635 Ut
502 1604 551 1633 ait
568 1604 655 1634 idem
675 1603 858 1641 Terentius,
876 1603 937 1634 sed
952 1603 1011 1633 ille
1026 1603 1063 1633 in
1081 1603 1270 1634 Gnathonis
1284 1612 1441 1643 persona,
1457 1604 1547 1643 quod

485 1648 589 1678 amici
605 1657 713 1687 genus
730 1648 895 1678 adhibere
913 1647 1046 1678 omnino
1066 1648 1213 1678 [evitatis
1229 1650 1293 1677 est.

353 1692 401 1730 (c)
429 1691 525 1722 Nihil
542 1692 658 1730 fidum,
675 1692 764 1722 nihil
781 1692 995 1730 exploratum
1014 1692 1144 1730 habeas,
1162 1702 1204 1722 ne
1215 1701 1328 1722 amare
1340 1691 1475 1730 quidem
1489 1693 1548 1722 aut

484 1736 604 1773 amari,
622 1746 711 1774 cum,
732 1737 765 1766 icl
782 1746 886 1776 quam
902 1746 981 1766 vere
998 1737 1068 1773 fiat,
1085 1736 1231 1776 ignores.

358 1778 403 1820 (sl)
430 1778 631 1820 Numquam
642 1781 739 1810 illum
751 1791 795 1811 ne
808 1780 952 1811 minima
962 1781 1101 1820 quidem
1114 1790 1150 1810 rc
1160 1779 1299 1817 offendi,
1311 1781 1398 1818 quod
1411 1779 1549 1820 quidem

485 1825 641 1855 senserim
657 1840 667 1862 ,-
697 1825 783 1855 nihil
801 1825 918 1855 audivi
936 1834 977 1855 ex
995 1834 1035 1854 eo
1051 1824 1137 1865 ipse,
1158 1824 1250 1864 quod
1267 1824 1403 1855 vollem.

266 1870 296 1898 3.
325 1867 376 1909 (a)
398 1868 485 1900 Who
508 1879 598 1900 were
623 1870 662 1908 Q.
689 1869 833 1907 Tubero,
864 1870 899 1901 P.
928 1867 1066 1907 Nasica,
1100 1870 1136 1899 L.
1167 1868 1304 1907 Paulus,
1331 1869 1369 1900 C.
1399 1867 1550 1899 Licinius

222 1913 368 1943 Crassus
383 1912 397 1943 P

269 1955 314 1996 (b)
339 1955 426 1988 Give
458 1957 518 1988 the
545 1956 715 1999 principa]
742 1961 838 1999 parts
865 1958 902 1989 of
932 1957 1065 1996 illusus,
1093 1957 1260 1995 senserhn,
1289 1957 1428 1995 oriatur,
1455 1957 1550 1994 sinit,

223 2002 331 2032 contri
339 2002 455 2041 simnia,
469 2002 584 2041 defluo.
