1698 2662
583 154 735 182 CICERO
763 154 820 181 DE
849 153 1054 181 AMICITIA.
1430 147 1482 185 39

159 249 271 285 modo
297 248 336 283 id
363 247 589 294 patefactum
617 249 654 281 et
679 245 919 280 inlustratum
947 247 1012 285 est,
1039 244 1129 290 quid
1152 244 1191 279 in
1209 245 1374 280 amicitia
1399 247 1480 282 fieri

160 300 314 342 oportet,
332 307 426 341 quae
443 298 520 330 tota
537 293 692 328 veritate
715 292 953 337 perpenditur
968 294 984 326 ?
1010 291 1049 325 in
1075 304 1147 336 qua
1163 292 1247 333 nisi,
1264 296 1306 327 ut
1333 293 1477 336 dicitur,

161 348 331 388 apertum
348 346 478 388 pectus
495 341 621 377 videas
646 344 825 383 tuumque
851 339 1033 380 ostendas,
1050 339 1144 372 nihil
1161 339 1289 380 fidum,
1307 340 1401 374 nihil
1419 353 1480 375 ex—

160 392 344 437 ploratum
375 390 523 430 habeas,
552 400 599 422 ne
628 398 753 422 amare
781 386 930 431 quidem
958 389 1021 420 aut
1045 386 1174 427 amari,
1191 398 1288 428 cum,
1302 387 1340 421 id
1365 400 1479 431 quam

162 450 247 473 vere
264 438 341 478 fiat,
359 437 514 482 ignores.
564 436 800 478 Quamquam
812 433 884 468 ista
902 433 1119 474 adsentatio,
1138 434 1308 478 quamvis
1325 435 1479 479 pernici-

162 497 226 520 osa
245 485 302 526 sit,
320 495 450 527 nocere
467 487 594 517 tamen
610 481 753 516 nemini
766 484 885 525 potest
896 480 967 513 nisi
980 480 1023 521 ei,
1041 480 1104 524 qui
1122 492 1205 514 eam
1221 481 1350 526 recipit
1368 486 1482 526 atque

163 544 206 567 ea
224 533 438 566 delectatur.
486 531 546 564 Ita
564 530 616 571 fit,
634 532 676 563 ut
693 528 724 565 is
742 527 1037 572 adsentatqribus
1053 528 1251 572 patefaciat
1268 540 1375 563 aures
1393 541 1479 564 suas

161 579 336 620 maxime,
365 578 428 622 qui
454 577 531 622 ipse
562 576 631 611 sibi
658 576 871 610 adsentetur
896 577 932 609 et
957 586 994 609 se
1019 575 1182 609 maxime
1208 575 1285 620 ipse
1311 576 1478 611 delectet.

161 628 218 661 98.
268 625 429 661 Omnino
447 628 501 658 est
519 635 650 658 amans
676 623 732 656 sui
757 622 874 656 virtus
889 632 897 664 ;
924 624 1074 666 optume
1093 622 1194 656 enim
1212 634 1250 657 se
1267 623 1346 667 ipsa
1363 623 1479 665 novit,

161 685 348 718 quamque
377 671 547 710 amabilis
578 671 635 710 sit,
663 669 854 713 intellegit.
903 669 984 713 Ego
1012 672 1138 703 autem
1166 681 1242 704 non
1270 671 1313 704 de
1342 670 1480 705 virtute

162 732 261 755 nunc
277 720 418 763 loquor,
437 718 569 763 sedule
594 717 743 752 virtutis
770 716 952 761 opinione.
1000 716 1148 751 Virtute
1173 717 1275 750 enim
1299 717 1379 761 ipsa
1403 729 1480 752 non

162 771 242 802 tam
270 766 389 822 ῐιμὼί
403 764 579 810 *piaediti
606 776 684 798 esse
715 776 827 808 quam
857 763 972 797 videri
1001 763 1156 798 volunt.v
1208 765 1289 798 Hos
1323 765 1482 799 delectat

162 813 381 854 adsentatio,
398 813 457 846 his
482 812 591 846 fictus
617 811 663 846 ad
687 811 852 856 ipsorum
878 810 1110 845 voluntatem
1136 822 1256 845 sermo
1275 823 1360 846 cum
1378 811 1480 846 adhi-

159 861 277 902 betur,
294 860 499 895 orationem
516 859 620 893 illam
638 870 774 892 vanam
787 857 1044 892 testimonium
1061 869 1140 892 esse
1157 858 1311 892 laudum
1329 870 1484 893 suarum

158 911 303 953 putant.
352 907 465 941 Nulla
482 910 537 941 est
554 906 666 950 igitur
690 905 781 940 haec
807 905 980 945 amicitia,
999 917 1085 939 cum
1103 905 1195 939 alter
1211 917 1340 939 verum
1355 905 1482 940 audire

158 967 235 990 non
252 955 342 995 vult,
361 955 453 989 alter
470 954 517 988 ad
533 953 791 987 mentiendum
802 958 952 997 paratus
970 956 1036 986 est.
1085 953 1162 986 Nec
1179 952 1425 997 parasitorum
1443 953 1483 987 in

159 1001 361 1037 comoediis
377 1000 585 1036 adsentatio
610 1000 729 1035 faceta
753 999 859 1034 nobis
884 999 1081 1040 videretur,
1106 999 1179 1034 nisi
1205 1003 1327 1034 essent
1344 1000 1485 1034 milites

158 1049 317 1094 gloriosi.

302 1095 496 1140 Magnas
524 1107 628 1130 vero
656 1105 787 1139 agere
820 1093 999 1138 gratias
1026 1093 1164 1129 Thais
1190 1093 1334 1130 mihi?

160 1161 259 1196 Satis
270 1164 348 1195 erat
359 1160 596 1205 respondere:
624 1163 827 1203 ‘magnas
843 1161 850 1174 ’
865 1169 873 1200 3
899 1158 1149 1202 ‘ingentes,’
1162 1157 1294 1203 inquit.
1329 1158 1487 1203 Semper

159 1211 269 1253 auget
296 1208 510 1242 adsentator
535 1207 584 1247 id,
615 1207 712 1250 quod
738 1206 781 1246 is,
807 1205 911 1240 cuius
928 1206 975 1239 ad
992 1205 1223 1240 voluntatem
1241 1205 1384 1246 dicitur,
1402 1206 1483 1240 vult

159 1267 239 1291 esse
255 1266 447 1300 magnum.
480 1255 537 1289 99.
565 1254 685 1296 Quam
698 1252 741 1287 ob
756 1265 846 1294 rem,
861 1264 1089 1297 quamquam
1100 1253 1236 1297 blamla
1247 1253 1319 1287 ista
1336 1252 1483 1294 vanitas

161 1303 260 1348 apud
277 1314 339 1337 eos
356 1302 466 1343 valet,
485 1301 548 1345 qui
565 1301 635 1345 ipsi
652 1301 756 1334 illam
774 1300 960 1334 adlectant
979 1303 1014 1334 et
1032 1299 1203 1341 invitant,
1222 1303 1349 1334 tamen
1367 1299 1482 1334 etiam

159 1349 347 1395 graviores
374 1348 715 1392 constantioresque
743 1347 967 1382 admonendi
992 1350 1089 1388 sunt,
1106 1350 1148 1381 ut
1171 1347 1484 1389 animadvertant,

160 1409 207 1432 ne
226 1397 359 1432 callida
376 1396 631 1431 adsentatione
645 1395 848 1440 capiantur.
882 1395 1016 1439 Aperte
1028 1394 1129 1429 enim
1142 1395 1357 1429 adulantem
1371 1406 1486 1429 nemo

160 1456 237 1479 non
253 1444 365 1485 videt,
382 1443 455 1478 nisi
473 1443 535 1488 qui
553 1443 753 1477 admodum
772 1445 826 1476 est
841 1453 988 1483 excors;
1014 1441 1169 1477 callidus
1184 1441 1246 1476 ille
1264 1445 1300 1476 et
1318 1442 1484 1476 occultus

160 1503 208 1526 ne
227 1503 264 1526 se
282 1491 456 1532 insinuet,
483 1490 644 1526 studiose
671 1490 879 1524 cavendum
905 1492 982 1530 est;
1008 1501 1075 1524 nec
1101 1489 1202 1523 enim
1227 1489 1403 1524 facillime
1421 1489 1481 1523 ad-

160 1538 359 1584 gnoscitur‚
378 1538 511 1583 quippe
529 1537 593 1582 qui
619 1537 733 1572 etiam
751 1537 978 1571 adversando
997 1548 1104 1581 saepe
1123 1537 1338 1571 adsentetur
1356 1540 1392 1570 et
1408 1536 1481 1570 liti-

161 1598 247 1631 gare
281 1598 319 1620 se
347 1585 528 1620 simulans
557 1584 769 1619 blandiatur
798 1588 908 1628 atque
937 1584 984 1618 ad
1011 1588 1220 1618 extremum
1254 1584 1314 1618 det
1347 1595 1487 1618 manus

160 1633 334 1678 vincique
351 1645 390 1668 se
407 1633 581 1678 patiatur,
598 1635 640 1667 ut
664 1632 707 1673 is,
732 1631 795 1676 qui
812 1631 956 1665 inlusus
974 1631 1032 1672 sit,
1049 1631 1132 1676 plus
1149 1631 1285 1665 vidisse
1303 1630 1487 1665 videatur.

161 1681 259 1723 Quid
276 1684 403 1715 autem
419 1679 563 1725 turpius
580 1691 694 1724 quam
718 1678 868 1714 inludi?
919 1679 1024 1721 Quod
1047 1682 1089 1713 ut
1113 1691 1161 1713 ne
1186 1678 1339 1719 accidat,
1365 1678 1489 1723 magis

162 1729 370 1763 cavendum
389 1731 454 1762 est.

211 1787 270 1821 Ut
294 1798 360 1820 me
385 1785 519 1820 hodie
545 1788 650 1819 ante
677 1796 828 1819 omnes
853 1784 1049 1819 comicos
1075 1784 1246 1820 stultos
1271 1796 1403 1819 senes

209 1833 422 1869 Versaris
447 1837 583 1877 atque
609 1832 855 1866 inli'isseris
880 1831 1169 1867 lautissume.

164 1897 244 1931 100.
269 1897 374 1931 Haec
408 1896 509 1930 enim
538 1895 652 1930 etiam
677 1895 717 1929 in
745 1895 878 1930 fabulis
905 1895 1125 1930 stultissima
1156 1907 1315 1940 persona
1342 1898 1397 1929 est
1430 1894 1486 1928 in-

161 1943 400 1989 providorum
427 1947 464 1978 et
496 1943 730 1978 credulorum
758 1955 899 1977 senum.
951 1943 1023 1977 Sed
1048 1943 1172 1977 nescio
1202 1955 1273 1987 quo
1302 1946 1408 1987 pacto
1439 1942 1488 1976 ab

163 1990 338 2025 amicitiis
354 1991 602 2035 perfectorum
626 1990 833 2031 hominum,
859 1990 898 2024 id
922 1994 977 2024 est
996 1990 1220 2034 sapientium
1240 1990 1298 2034 (de
1316 1990 1384 2024 hac
1403 1989 1487 2024 dico

162 2038 355 2083 sapientia,
386 2049 479 2082 quae
512 2037 658 2073 videtur
694 2037 734 2071 in
766 2037 958 2072 hominem
988 2038 1116 2071 cadere
1146 2038 1278 2082 posse),
1309 2037 1356 2071 ad
1384 2037 1486 2071 leves

162 2085 346 2120 amicitias
364 2085 517 2119 defluxit
534 2084 661 2119 oratio.
712 2085 832 2127 Quam
850 2084 894 2119 ob
912 2097 992 2119 rem
1010 2085 1057 2119 ad
1072 2085 1136 2119 illa
1152 2084 1273 2130 prima
1289 2085 1487 2119 redeamus

164 2144 282 2177 eaque
300 2133 380 2177 ipsa
397 2132 662 2166 concludamus
679 2132 888 2176 aliquando.

209 2180 373 2214 XXVII.
398 2179 537 2220 Virtus,
562 2179 691 2220 virtus,
716 2179 882 2223 inquam,
909 2180 947 2214 C.
966 2179 1099 2220 Fanni,
1125 2182 1161 2214 et
1186 2182 1238 2220 tu,
1257 2179 1299 2221 Q.
1318 2178 1430 2220 Muci,
1449 2182 1487 2213 et

164 2227 337 2262 conciliat
365 2226 549 2261 amicitias
579 2230 614 2261 et
641 2230 845 2261 conservat.
895 2227 942 2261 In
969 2238 1011 2261 ea
1037 2232 1091 2261 est
1110 2227 1211 2268 enim
1228 2225 1492 2270 convenientia,

165 2286 302 2315 rerum,
320 2274 360 2308 in
378 2286 421 2308 ea
439 2273 630 2315 stabilitas,
655 2273 695 2307 in
713 2285 756 2308 ea
774 2274 1002 2316 constantia;
1031 2286 1124 2318 quae
1143 2286 1229 2308 cum
1246 2286 1283 2308 se
1303 2273 1432 2308 extulit
1451 2276 1488 2308 et

171 2321 334 2357 ostendit
352 2333 463 2357 suum
479 2321 608 2356 lumen
626 2324 661 2356 et
678 2321 778 2356 idem
796 2321 939 2367 aspexit
956 2321 1205 2367 adgnovitque
1222 2321 1261 2355 in
1279 2321 1362 2362 alio,
1382 2321 1429 2355 ad
1453 2320 1494 2355 id
