1708 2642
162 125 212 163 40
589 131 741 160 CICERO
769 131 826 158 DE
854 129 1059 157 AMICITIA.

166 237 204 260 se
221 225 393 259 admovet
410 221 645 266 vicissimque
664 221 795 266 accipit
813 221 914 261 illud,
934 221 1031 264 quod
1047 220 1086 254 in
1104 220 1218 255 altero
1237 224 1291 255 est
1307 233 1315 263 ;
1341 232 1385 255 ex
1410 231 1482 265 quo

166 271 368 307 exardescit
386 270 462 305 sive
480 282 583 304 amor
609 269 686 304 sive
712 268 875 303 amicitia
891 279 898 309 ;
926 272 1124 311 utrumque
1143 268 1243 301 enim
1262 267 1402 302 dictum
1428 270 1483 302 est

167 320 212 354 ab
231 319 389 353 amando
402 328 410 359 ;
438 329 562 351 amare
574 320 699 350 autem
713 316 806 349 nihil
820 320 874 349 est
888 315 988 348 aliud
1004 315 1076 348 nisi
1094 326 1179 348 eum
1190 314 1313 359 ipsum
1325 314 1484 358 diligere,

168 378 279 411 quem
306 376 419 405 ames,
455 364 558 398 nulla
590 363 804 407 indigentia,
838 362 940 396 nulla
969 362 1128 396 utiiitate
1163 361 1328 405 quaesita
1343 373 1351 402 ;
1390 372 1485 405 quae

167 417 295 448 tamen
312 413 391 456 ipsa
409 410 608 445 ecflorescit
627 422 670 444 ex
687 409 861 450 amicitia,
876 409 1022 443 etiamsi
1039 412 1080 443 tu
1098 420 1180 443 eam
1197 408 1322 443 minus
1340 411 1486 442 secutus

170 460 231 495 sis.
293 460 371 493 101.
397 458 480 493 Hac
512 470 580 492 nos
613 457 865 491 adulescentes
898 455 1146 490 benivolentia
1180 467 1284 490 senes
1317 455 1408 496 11105,
1442 456 1485 489 L.

171 506 340 547 Paulum,
369 506 420 539 M.
448 506 638 545 Catonem,
669 505 707 538 C.
738 504 885 544 Galum,
912 504 951 537 P.
978 503 1163 543 Nasicam,
1189 503 1243 536 Ti.
1262 503 1484 542 Gracchum,

174 553 355 598 Scipionis
381 552 497 586 nostri
526 563 705 592 socerum,
733 551 939 591 dileximus,
968 550 1059 584 haec
1087 550 1200 584 etiam
1224 549 1344 593 magis
1369 549 1488 583 elucet

173 601 269 635 inter
287 599 468 644 aequales,
485 602 527 633 ut
556 598 652 633 inter
680 610 740 632 me
767 601 802 632 et
831 597 1049 641 Scipionem,
1068 598 1110 631 L.
1129 596 1297 637 Furium,
1316 597 1355 630 P.
1374 595 1486 640 Rupi-

172 648 276 689 lium,
296 648 356 692 Sp.
372 646 611 680 Mummium.
660 644 835 680 Vicissim
853 649 978 678 autem
1004 656 1108 678 senes
1133 644 1172 678 in
1198 643 1490 678 adulescentium

173 695 325 730 caritate
343 693 625 738 adquiescimus,
642 696 684 726 ut
697 692 736 725 in
753 695 885 731 vestra,
902 695 943 725 ut
960 691 999 725 in
1017 692 1058 734 Q.
1071 691 1291 733 Tuberonis3
1318 690 1490 734 equidem

176 742 290 777 etiam
308 741 509 775 admodum
535 739 779 774 adulescentis
806 740 844 772 P.
863 738 991 779 Rutili,
1009 739 1052 772 A.
1069 738 1221 782 Vergini
1239 737 1491 772 familiaritate

176 789 346 824 delector.
396 787 651 830 Quoniamque
668 786 720 820 ita
737 785 830 819 ratio
849 789 1060 830 comparata
1078 789 1133 820 est
1150 785 1247 819 vitae
1265 789 1492 828 naturaeque

176 841 335 876 nostrae,
352 839 393 869 ut
411 835 483 869 alia
501 847 544 868 ea:
562 834 643 867 alta
654 838 755 867 aetas
767 833 915 873 oriatur,
933 844 1107 866 maxume
1125 832 1274 876 quidem
1289 832 1493 876 optandum

178 887 244 924 est,
260 887 301 918 ut
320 894 405 917 cum
422 881 636 925 aequalibus
652 880 780 924 possis,
800 879 1019 923 quibuscum
1037 884 1230 923 tamquam
1249 891 1267 913 e
1286 878 1493 914 carceribus

178 931 334 966 emissus
349 930 408 970 sis,
423 941 508 964 cum
521 928 640 962 isdem
655 928 700 961 ad
712 927 861 966 calcem,
879 930 919 960 ut
934 926 1076 967 dicitur,
1087 926 1289 971 pervenire.
1325 928 1402 960 102.
1423 925 1496 960 Sed

180 977 356 1022 quoniam
381 988 439 1010 res
463 976 649 1009 humanae
676 974 821 1015 fragiles
848 974 1078 1017 caducaeque
1104 977 1200 1014 sunt,
1220 985 1363 1018 semper
1381 972 1495 1016 aliqui

181 1024 398 1069 anquirendi
417 1027 512 1063 sunt,
531 1034 621 1066 quos
640 1021 837 1064 diligamus
856 1024 891 1054 ct
909 1032 930 1054 a
949 1020 1080 1064 quibus
1098 1020 1315 1064 diligamur;
1343 1020 1496 1054 caritate

181 1072 281 1106 enim
297 1070 617 1113 benivolentiaque
636 1068 781 1103 sublata
795 1067 915 1102 omnis
927 1071 981 1101 est
996 1079 1014 1101 e
1026 1067 1102 1102 vita
1120 1068 1264 1101 sublata
1274 1067 1496 1101 iucunditas.

139 1117 445 1162 &Mihiquidem
465 1116 596 1161 Scipio,
615 1127 842 1159 quamquam
868 1118 923 1148 est
941 1114 1060 1148 subito
1079 1118 1235 1159 ereptus,
1253 1114 1345 1149 vivit
1370 1117 1498 1148 tamen

182 1177 397 1210 semperque
415 1164 514 1199 vivet
529 1175 537 1204 ;
565 1163 739 1198 virtutem
753 1162 852 1196 enim
870 1162 994 1196 amavi
1010 1161 1110 1195 illius
1128 1161 1207 1201 viri,
1227 1173 1319 1206 quae
1337 1161 1498 1195 extincta

182 1225 256 1248 non
274 1216 328 1247 est
344 1223 351 1253 ;
379 1223 445 1246 nec
462 1210 556 1245 mihi
574 1210 641 1244 soli
658 1213 825 1244 versatur
842 1212 927 1242 ante
945 1209 1079 1249 oculos,
1099 1209 1161 1252 qui
1178 1209 1280 1242 illam
1300 1219 1443 1252 semper
1460 1207 1500 1240 in

181 1260 354 1295 manibus
370 1258 494 1299 habui,
513 1258 576 1292 sed
594 1257 706 1291 etiam
731 1256 886 1301 posteris
904 1256 972 1290 erit
997 1256 1094 1290 clara
1113 1259 1148 1290 et
1165 1255 1331 1299 insignis.
1381 1256 1500 1289 Nemo

183 1318 363 1351 umquam
392 1306 517 1339 animo
545 1308 608 1338 aut
638 1316 699 1348 spe
728 1303 869 1337 maiora
899 1303 1083 1347 suscipiet,
1113 1303 1175 1347 qui
1202 1303 1271 1337 sibi
1297 1314 1373 1337 non
1401 1302 1501 1335 illius

183 1354 405 1389 memoriam
424 1356 533 1396 atque
547 1351 748 1395 imaginem
765 1351 1041 1395 proponendam
1058 1354 1173 1394 putet.
1212 1352 1289 1384 103.
1315 1349 1502 1393 Equidem

187 1415 230 1437 ex
248 1400 419 1436 omnibus
436 1399 555 1439 rebus,
575 1410 666 1442 quas
677 1398 770 1431 mihi
783 1402 846 1431 aut
858 1398 1004 1431 fortuna
1023 1402 1086 1431 aut
1102 1401 1236 1431 natura
1254 1397 1394 1437 tribuit,
1408 1396 1503 1430 nihil

187 1449 316 1489 habeo,
334 1448 431 1492 quod
449 1458 534 1481 cum
552 1445 716 1480 amicitia
744 1444 922 1489 Scipionis
940 1445 1077 1489 possim
1097 1456 1319 1489 comparare.
1369 1444 1416 1477 In
1432 1443 1503 1477 hac

187 1495 282 1531 mihi
309 1496 352 1529 de
381 1506 419 1528 re
448 1493 595 1538 publica
624 1504 834 1532 consensus,
858 1492 897 1525 111
923 1492 992 1526 hac
1021 1504 1145 1526 rerum
1170 1491 1401 1536 privatarum
1419 1502 1501 1525 con-

189 1543 324 1583 silium,
352 1541 391 1575 in
419 1542 548 1575 eadem
575 1540 720 1584 requies
745 1539 854 1584 plena
879 1539 1133 1573 oblectationis
1157 1539 1237 1572 fuit.
1287 1539 1505 1582 Numquam

189 1591 295 1624 illum
312 1601 358 1623 ne
376 1588 533 1622 minima
551 1587 700 1632 quidem
717 1599 755 1620 rc
774 1586 919 1626 offendi,
934 1587 1031 1630 quod
1041 1586 1190 1630 quidem
1209 1585 1397 1625 senserim,
1411 1584 1505 1618 nihil

191 1637 315 1672 audivi
345 1648 388 1670 ex
416 1648 457 1670 eo
484 1635 572 1679 ipse,
599 1634 696 1678 quod
721 1634 875 1675 nollem3
902 1645 977 1667 una
1003 1634 1135 1667 domus
1153 1637 1240 1674 erat,
1259 1633 1357 1667 idem
1374 1632 1505 1672 vietus,

190 1685 294 1729 isque
322 1683 540 1723 communis,
568 1693 687 1726 neque
718 1681 837 1715 solum
876 1680 1020 1720 militia,
1056 1681 1119 1714 sed
1153 1680 1266 1714 etiam
1299 1679 1505 1724 peregrina-

191 1732 310 1766 tiones
336 1729 666 1772 rusticationesque
700 1740 927 1762 communes.
989 1729 1067 1762 104.
1103 1728 1201 1761 Nam
1236 1727 1323 1771 quid
1356 1738 1421 1770 ego
1463 1726 1508 1759 de

192 1778 323 1813 studiis
353 1778 474 1811 dicam
503 1776 744 1820 cognoscendi
774 1787 918 1819 semper
944 1774 1084 1818 aliquid
1109 1781 1218 1818 atque
1249 1773 1443 1808 discendi?
1468 1772 1509 1806 in

192 1825 324 1870 quibus
340 1824 472 1858 remoti
485 1824 530 1857 ab
548 1823 662 1857 oculis
673 1822 796 1867 populi
809 1834 917 1856 omne
929 1821 1089 1856 otiosum
1100 1825 1245 1866 tempus
1257 1820 1510 1855 contrivimus.

194 1874 359 1915 Quarum
376 1883 501 1905 rerum
518 1870 720 1904 recordatio
740 1874 774 1903 et
788 1869 967 1903 memoria
986 1869 1015 1903 si
1032 1881 1106 1903 una
1125 1881 1210 1903 cum
1227 1869 1289 1902 illo
1308 1867 1510 1908 occidisset,

195 1919 418 1954 desiderium
444 1916 736 1952 coniunctissimi
764 1920 873 1960 atque
906 1916 1154 1951 amantissimi
1187 1915 1257 1950 viri
1285 1915 1377 1949 ferre
1410 1914 1512 1948 1111110

195 1967 304 2001 modo
322 1977 479 2011 possem.
531 1965 602 1998 Sed
619 1976 685 1998 nec
711 1964 773 1997 illa
800 1963 961 1997 extincta
987 1967 1073 1998 sunt
1091 1964 1311 2006 alunturque
1329 1961 1450 2006 potius
1476 1964 1512 1995 et

198 2018 377 2058 augentur
396 2011 615 2056 cogitatione
634 2015 670 2045 et
687 2011 867 2045 memoria
892 2023 987 2050 mea,
1013 2013 1059 2050 et,
1086 2010 1116 2044 si
1140 2010 1213 2044 illis
1230 2010 1338 2054 plane
1364 2009 1513 2043 orbatus

198 2073 328 2101 essem,
345 2071 525 2104 magnum
542 2062 669 2093 tamen
687 2059 804 2092 adfert
817 2057 910 2091 mihi
929 2062 1030 2091 aetas
1041 2058 1120 2102 ipsa
1139 2058 1327 2091 solacium.
1362 2054 1513 2090 Diutius

199 2108 299 2142 enim
326 2108 401 2141 iam
430 2107 469 2140 in
497 2106 566 2140 hoc
594 2105 773 2140 desiderio
801 2117 878 2138 csse
906 2116 981 2138 non
1007 2116 1169 2148 possum.
1220 2103 1355 2138 Omnia
1386 2106 1512 2137 autem

198 2155 323 2190 brevia
341 2153 545 2189 tolerabilia
563 2165 642 2187 esse
660 2152 804 2192 debent,
824 2151 971 2185 etiamsi
987 2163 1123 2196 magna
1143 2154 1240 2186 sunt.

246 2203 350 2236 Haec
368 2200 481 2235 habui
499 2201 543 2234 de
561 2199 724 2234 amicitia
750 2210 843 2243 quae
862 2198 1033 2232 dicerem.
1082 2200 1157 2234 Vos
1175 2203 1301 2232 autem
1318 2197 1454 2237 hortor,
1472 2198 1513 2230 ut

199 2249 251 2284 ita
268 2249 443 2284 virtutem
460 2247 598 2288 locetis,
617 2250 694 2281 sine
713 2258 785 2290 qua
811 2245 975 2280 amicitia
993 2257 1071 2280 esse
1088 2258 1163 2280 non
1179 2248 1309 2291 potest,
1327 2248 1367 2278 ut
1386 2255 1429 2278 ea
1455 2254 1512 2277 ex-

199 2299 303 2341 cepta
321 2296 414 2330 nihil
432 2294 596 2330 amicitia
612 2293 870 2340 praestabilius
886 2292 1035 2338 putetis.
