1698 2662
605 140 758 169 emmo
785 140 843 168 DE
870 140 1077 170 AMICITIA.
1456 135 1507 173 35

184 234 265 269 lum
282 244 418 283 gerere,
436 231 1098 279 q11erannmmmmxefflAb
1116 233 1281 268 amicitia
1293 234 1334 277 Q.
1354 235 1507 280 Pompei

184 293 269 317 meo
286 277 494 316 nomifi‘e‘s'e
509 279 727 321 removerat,
742 282 783 313 ut
794 279 906 320 501115,
926 279 1063 324 Scipi03
1083 285 1230 325 propter
1241 281 1509 317 dissensionem

187 332 324 369 autem,
355 339 448 372 quae
478 330 556 361 erat
588 326 628 360 in
653 337 692 360 re
718 326 876 371 publica,
902 326 1084 361 alienatus
1110 332 1165 362 est
1189 340 1210 361 a
1228 329 1366 373 collega
1382 332 1509 364 nostro

187 376 360 416 Metell03
385 378 585 418 utrumque
603 372 677 417 egit
693 373 864 417 graviter,
882 374 1100 409 auctoritate
1117 378 1153 409 et
1170 375 1370 410 offensione
1391 376 1509 411 animi

186 435 262 458 non
280 421 421 457 acerba.
471 423 527 456 78.
554 422 674 463 Quam
692 420 737 454 ob
750 432 830 454 rem
846 420 1010 465 primum
1023 421 1144 456 danda
1162 434 1270 466 opera
1288 427 1353 463 est,
1371 435 1418 457 ne
1436 435 1509 468 qua

187 470 395 505 amicorum
423 468 576 502 discidia
600 467 692 502 fiant
708 480 716 509 ;
743 467 800 502 sin
827 467 900 502 tale
918 468 1057 512 aliquid
1075 470 1249 510 evenerit,
1267 474 1308 504 ut
1327 471 1509 506 extinctae

186 517 310 563 potius
327 515 512 551 amicitiae
530 526 643 559 quam
660 526 855 559 oppressae
872 515 1077 550 videantur.
1113 517 1329 551 Cavendum
1347 529 1444 559 vero,
1461 529 1509 552 ne

185 564 302 599 etiam
319 563 358 597 in
375 574 505 607 graves
522 561 737 596 inimicitias
763 566 981 596 convertant
1006 574 1045 597 se
1070 563 1278 605 amicitiae;
1306 576 1349 599 ex
1375 565 1509 609 quibus

187 611 318 655 iurgia,
335 609 545 649 maledicta,
564 609 810 644 contumeliae
835 609 1048 654 gignuntur.
1098 611 1199 653 Quae
1226 616 1353 646 tamen
1371 613 1401 646 si
1418 612 1507 646 tole-

188 658 322 693 rabiles
356 662 474 697 erunt,
509 656 680 690 ferendae
714 660 811 697 sunt,
846 660 882 691 et
915 656 975 691 hic
1014 657 1132 692 1101105
1165 659 1280 692 veteri
1322 659 1509 694 amicitiae

187 705 416 746 tribuendus,
450 707 492 738 ut
524 703 557 738 is
588 703 628 737 in
661 703 768 748 culpa
801 703 860 745 sit,
894 703 958 749 qui
986 703 1108 745 faciat,
1136 717 1221 746 non,
1251 706 1313 750 qui
1345 706 1510 751 patiatur

187 763 362 787 iniuram.

237 799 399 833 Omnino
417 797 586 832 omnium
610 797 744 832 horum
769 797 945 833 vitiorum
963 801 1073 843 atque
1089 799 1411 835 incommodorum
1434 812 1511 836 una

187 846 312 881 cautio
329 849 385 880 est
402 849 512 889 atque
529 856 605 878 una
621 845 793 889 provisio,
811 849 852 880 ut
877 857 923 880 ne
940 845 1053 880 nimis
1071 846 1142 881 cito
1162 847 1311 890 diligere
1328 848 1509 892 incipiant

188 905 282 928 neve
309 904 385 927 non
414 892 554 936 dignos,
614 894 670 926 79.
695 892 809 937 Digni
836 896 962 928 autem
991 897 1079 928 sunt
1106 894 1280 936 amicitia,
1311 895 1444 939 quibus
1470 895 1511 930 in

188 940 280 986 ipsis
309 940 406 974 inest
433 951 555 980 causa,
586 951 651 973 cur
681 939 891 984 diligantur.
941 941 1084 975 Rarum
1112 953 1240 985 genus.
1290 943 1340 976 Et
1359 942 1510 987 quidem

186 987 316 1023 omnia
344 986 533 1031 praeclara
556 998 651 1026 rara,
677 998 744 1021 nec
771 987 971 1032 quicquam
996 988 1182 1022 difficilius
1201 1001 1313 1033 quam
1338 989 1509 1034 reperire,

189 1035 289 1079 quod
314 1034 361 1068 sit
386 1034 488 1068 omni
514 1045 558 1067 ex
582 1037 686 1078 parte
704 1034 742 1068 in
761 1046 826 1069 suo
843 1046 976 1079 genere
988 1036 1205 1080 perfectum.
1258 1037 1329 1070 Sed
1345 1037 1510 1082 plerique

188 1093 309 1126 neque
338 1081 377 1115 in
405 1080 515 1115 rebus
542 1081 717 1115 humanis
747 1082 946 1126 quicquam
974 1082 1114 1117 bonum
1142 1088 1290 1129 11011101,
1315 1084 1387 1117 11151
1413 1084 1512 1128 (111οᾶ

187 1129 422 1164 fructuosum
453 1128 511 1167 sit,
539 1132 574 1162 et
604 1128 743 1163 amicos
772 1132 967 1173 tamquam
994 1131 1152 1174 pecudes
1179 1143 1240 1165 eos
1273 1131 1512 1175 potissimum

189 1176 360 1221 diligunt,
379 1187 422 1210 ex
440 1175 572 1219 quibus
591 1180 740 1220 sperant
758 1188 796 1210 se
813 1188 1034 1211 maxumum
1051 1177 1214 1212 fructum
1232 1190 1310 1212 esse
1329 1183 1510 1223 capturos.

189 1225 248 1258 80.
274 1224 334 1263 Ita
350 1223 598 1268 pulcherrima
615 1223 679 1264 illa
705 1227 740 1257 et
757 1235 931 1263 maxume
947 1225 1109 1259 naturali
1126 1230 1251 1265 carent
1270 1226 1434 1260 amicitia
1450 1238 1514 1271 per

193 1282 233 1306 se
260 1274 296 1305 et
322 1274 471 1315 propter
499 1282 536 1315 50
565 1270 724 1315 expetita
754 1282 821 1305 nec
850 1271 920 1316 ipsi
946 1271 1015 1306 sibi
1041 1273 1208 1317 exemplo
1234 1277 1331 1318 sunt,
1349 1273 1439 1307 haec
1457 1273 1514 1308 vis

194 1318 380 1353 amicitiae
399 1321 435 1352 et
453 1317 572 1361 qualis
591 1322 626 1352 et
653 1322 791 1361 quanta
817 1317 875 1353 sit.
925 1319 1010 1363 Ipse
1035 1320 1136 1354 enim
1154 1332 1192 1353 se
1210 1320 1364 1364 quisque
1382 1320 1513 1365 diligit,

192 1377 269 1400 non
286 1368 328 1399 ut
345 1365 509 1409 aliquam
537 1376 559 1411 a
587 1376 624 1399 50
653 1365 731 1409 ipse
760 1365 970 1400 mercedem
999 1366 1120 1411 exigat
1150 1368 1314 1401 caritatis
1332 1379 1431 1409 suae,
1450 1369 1515 1402 sed

193 1413 292 1458 quod
308 1424 373 1457 per
390 1424 427 1447 se
446 1411 515 1447 sibi
534 1412 688 1459 quisque
706 1423 812 1447 carus
830 1416 896 1448 est.
930 1414 1036 1456 Quod
1045 1414 1118 1448 nisi
1134 1414 1235 1448 idem
1252 1415 1290 1448 in
1308 1415 1514 1450 amicitiam

191 1460 446 1500 transferetur,
460 1457 581 1493 “ierus
607 1461 749 1493 amicus
773 1472 981 1505 numquam
1005 1461 1228 1506 reperietur;
1257 1466 1311 1496 est
1345 1462 1446 1496 enim
1470 1463 1514 1503 is,

192 1507 257 1552 qui
274 1511 329 1542 est
346 1511 541 1551 tamquam
559 1507 652 1541 alter
669 1507 780 1541 idem.
830 1509 886 1542 81.
913 1508 1051 1551 Quodsi
1061 1509 1129 1551 hoc
1148 1515 1299 1554 apparet
1317 1509 1357 1543 in
1374 1509 1514 1550 bestiis,

191 1555 413 1595 volucribus,
430 1554 618 1595 nantibus,
644 1554 860 1598 agrestibus,
886 1555 1079 1597 cicuribus,
1105 1557 1202 1597 feris,
1228 1557 1391 1601 primum
1408 1560 1450 1592 ut
1476 1569 1514 1591 50

193 1602 295 1647 ipsae
326 1602 481 1646 diligant
509 1601 563 1646 (id
592 1601 693 1636 enim
716 1602 854 1646 pariter
880 1614 966 1637 cum
991 1603 1094 1638 omni
1115 1604 1306 1638 animante
1323 1604 1514 1648 nascitur),

190 1649 326 1684 deinde
342 1653 384 1684 ut
394 1648 586 1693 requirant
600 1652 710 1693 atque
728 1650 915 1694 adpetant,
927 1650 974 1685 ad
987 1662 1078 1695 quas
1097 1663 1134 1685 se
1146 1652 1331 1696 adplicent
1349 1652 1514 1686 eiusdem

191 1697 338 1741 generis
355 1696 568 1737 animantis,
586 1696 696 1740 idque
721 1696 862 1732 faciunt
887 1709 972 1732 cum
990 1698 1169 1733 desiderio
1188 1705 1222 1733 et
1242 1712 1327 1733 cum
1353 1700 1514 1744 quadam

191 1744 438 1779 similitudine
467 1743 604 1778 amoris
633 1744 801 1785 humani,
836 1748 974 1789 quanto
1006 1745 1045 1780 id
1075 1746 1195 1790 magis
1224 1747 1263 1780 in
1293 1747 1444 1781 homine
1471 1746 1514 1781 fit

192 1795 328 1826 natura
342 1792 350 1825 1
377 1790 440 1835 qui
457 1796 494 1825 et
511 1803 549 1825 50
566 1791 644 1835 ipse
662 1791 780 1835 diligit
799 1794 834 1826 et
859 1793 1018 1827 alterum
1035 1794 1208 1838 anquirit,
1223 1794 1327 1828 cuius
1345 1794 1515 1828 animum

190 1838 247 1873 ita
265 1850 351 1872 cum
369 1850 434 1872 5110
450 1838 617 1879 misceat,
634 1843 675 1873 ut
693 1838 827 1873 efficiat
843 1851 960 1884 paene
975 1852 1094 1875 unum
1112 1853 1156 1875 ex
1174 1841 1326 1876 duobus.

241 1886 368 1919 XXII.
386 1888 442 1920 82.
471 1886 543 1920 Sed
558 1885 722 1930 plerique
733 1898 913 1930 perverse,
927 1899 974 1922 ne
992 1888 1114 1922 dicam
1130 1889 1363 1933 inpudenter,
1380 1889 1515 1924 habere

190 1933 309 1967 talem
323 1932 486 1967 amicum
503 1933 643 1973 volunt,
661 1934 788 1977 quales
804 1933 875 1978 ipsi
892 1946 971 1969 esse
987 1947 1064 1970 non
1080 1941 1245 1980 possunt,
1265 1948 1431 1981 quaeque
1444 1936 1516 1981 ipsi

190 1991 268 2015 non
293 1979 461 2014 tribuunt
478 1980 618 2021 amicis,
635 1980 727 2015 haec
745 1981 790 2015 ab
807 1981 853 2016 iis
870 1982 1090 2017 desiderant.
1140 1985 1211 2017 Par
1230 1991 1284 2017 est
1303 1987 1428 2018 autem
1445 1983 1515 2029 pri-

187 2038 297 2062 mum
307 2027 430 2071 ipsum
443 2039 521 2062 esse
533 2027 655 2062 virum
665 2027 815 2070 bonum,
826 2032 909 2064 tum
920 2029 1079 2065 alterum
1091 2030 1251 2066 similem
1264 2031 1320 2065 sui
1332 2043 1517 2075 quaerere.

190 2074 239 2109 In
263 2074 400 2109 talibus
418 2086 471 2118 ea,
490 2086 604 2119 quam
627 2075 705 2109 iam
723 2075 864 2110 dudum
881 2080 1098 2119 tractamus,
1117 2078 1302 2124 sthitas
1330 2078 1517 2113 amicitiae

189 2122 405 2157 confirmari
421 2126 554 2166 potest,
572 2134 657 2157 cum
674 2123 845 2158 homines
862 2123 1111 2167 benivolentia
1139 2126 1327 2160 coniuncti
1351 2126 1517 2171 primum

192 2169 458 2214 cupiditatibus
490 2169 546 2210 115,
578 2170 710 2214 quibus
743 2170 855 2205 ceteri
887 2172 1064 2214 serviunt,
1097 2172 1348 2218 imperabunt,
1383 2173 1516 2209 deinde

190 2217 380 2261 aequitate
405 2216 621 2261 iustitiaque
638 2217 862 2261 gaudebunt,
880 2219 1078 2264 omniaque
1104 2220 1196 2254 alter
1213 2232 1279 2265 pro
1298 2221 1413 2256 altero
1439 2233 1516 2256 sus-

193 2263 315 2308 cipiet,
333 2276 453 2308 neque
471 2264 670 2308 quicquam
686 2277 868 2310 umquam
892 2267 965 2301 nisi
989 2262 1189 2302 honestum
1208 2276 1243 2302 et
1261 2272 1406 2302 rectum
1423 2269 1517 2303 alter

191 2311 241 2347 ab
259 2311 375 2347 altero
390 2311 603 2364 postulabit,
619 2324 740 2358 neque
758 2313 879 2350 solum
896 2314 1017 2351 colent
1033 2314 1130 2351 inter
1147 2327 1185 2351 se
1203 2327 1245 2350 ac
1271 2315 1434 2361 diligent,
1453 2316 1519 2352 sed
