1698 2662
620 175 773 204 CICERO
801 176 858 203 DE
887 175 1093 204 AMICITIA.
1470 167 1522 208 27

197 272 235 304 et
261 279 399 313 rogare.
448 268 498 303 At
522 279 609 303 vero
634 267 713 302 Tib.
740 267 952 302 Gracchum
981 266 1231 312 sequebantur
1259 267 1298 302 C.
1323 267 1453 309 Carbo,
1479 268 1519 304 G.

198 317 302 356 Cato,
320 320 356 350 et
372 314 528 350 minime
547 318 628 349 tum
646 315 796 359 quidem
813 315 853 349 C.
871 315 984 349 frater
1000 326 1099 349 nunc
1116 314 1216 348 idem
1234 314 1446 350 acerrimus.

245 364 335 397 XII.
385 364 441 397 40.
468 363 573 397 Haec
602 362 715 406 igitur
743 362 802 396 lex
828 362 868 396 in
897 361 1062 396 amicitia
1097 361 1296 404 sanciatur,
1326 365 1367 396 ut
1395 373 1517 407 neque

198 422 371 454 rogemus
388 421 446 444 res
463 413 588 454 turpes
605 421 673 443 nec
690 409 871 444 faciamus
887 408 1016 453 rogati.
1066 409 1217 462 Tu—rffls
1212 409 1313 443 enim
1331 409 1518 462 excusatio

197 462 254 492 est
282 461 318 491 et
346 457 502 491 minime
529 456 742 501 accipienda
760 468 846 491 cum
863 455 902 490 10
920 455 1051 490 ceteris
1078 456 1249 501 peccatis,
1267 459 1349 491 tum
1379 456 1410 490 si
1436 457 1518 502 quis

199 509 328 539 contra
344 516 424 538 rem
447 503 634 549 publicam
653 515 690 537 se
708 503 819 538 amici
846 515 957 538 causa
986 502 1115 537 fecisse
1142 503 1313 538 fateatur.
1363 503 1517 539 Etenim

199 563 242 586 eo
260 552 351 592 loco,
365 551 487 585 Fanni
505 554 541 585 et
560 551 746 603 Scaevola,
763 550 874 585 locati
892 562 1032 591 sumus,
1049 553 1091 584 ut
1108 561 1176 584 nos
1192 550 1299 595 longe
1311 551 1518 596 prospicere

200 602 366 643 oporteat
391 598 534 632 futuros
552 609 659 632 casus
684 597 737 632 rei
765 597 944 642 publicae.
993 597 1155 640 Deflexit
1178 597 1256 631 iam
1257 579 1518 643 t>aliquantum

198 646 243 680 de
262 645 379 690 spatio
397 645 650 689 curriculoque
668 645 893 679 consuetudo
904 644 1101 679 maiorum.
1093 664 1120 690 „f
1123 641 1207 678 ’.41
1222 644 1301 679 Tib.
1328 646 1519 680 Gracchus

199 704 357 737 1081111111
384 703 561 736 occupare
592 695 746 726 conatus
775 695 841 732 est,
868 692 927 726 vel
955 685 1124 736 regnavit
1150 691 1182 725 is
1207 691 1358 736 quidem
1382 703 1519 736 paucos

198 751 357 774 menses.
407 739 509 772 Num
549 738 637 791 (101(1
678 738 799 773 simile
831 739 987 784 populus
996 720 1214 773 ”Romanus
1247 738 1414 774 audierat
1455 743 1520 774 aut

200 786 373 821 viderat?
423 786 536 820 Hunc
564 786 677 820 etiam
704 790 786 830 post
813 790 972 821 mortem
999 786 1114 820 secuti
1139 785 1251 820 amici
1269 790 1305 820 et
1322 786 1520 831 propinqui

199 833 288 878 quid
316 833 356 867 in
383 833 422 866 P.
452 833 621 877 Scipione
649 833 846 874 effecerint,
876 833 953 867 sine
981 832 1146 867 lacrimis
1172 844 1248 867 non
1273 845 1367 877 queo
1386 833 1517 869 dicere.

199 881 299 914 Nam
317 880 535 920 Carbonem,
553 892 785 933 quocumque
810 860 920 915 niodo
937 881 1138 925 potuimus,
1155 883 1304 925 propter
1328 884 1518 916 recentem

197 939 357 973 poenam
375 927 454 961 Tib.
473 927 631 961 Gracchi
649 927 918 975 0011001101ιο
945 928 990 962 de
1008 928 1047 962 C.
1066 927 1225 962 Gracchi
1250 933 1377 962 autem
1402 928 1517 963 tribu-

199 979 292 1009 natu
318 974 407 1019 quid
433 978 634 1019 expectem,
663 986 739 1009 non
762 975 864 1010 lubet
891 974 1073 1019 augurari.
1125 974 1245 1019 Serpit
1262 974 1424 1014 †deinde
1450 987 1520 1017 res,

199 1034 293 1067 (1000
311 1021 482 1066 proclivis
500 1022 547 1056 ad
563 1021 776 1066 perniciem,
788 1034 874 1057 cum
892 1022 1006 1056 semel
1019 1021 1148 1067 coepit,
1166 1021 1313 1056 labitur.
1363 1022 1519 1064 Videtis,

199 1069 240 1103 in
264 1069 401 1103 tabella
425 1068 502 1103 iam
527 1072 613 1103 ante
632 1072 770 1113 quanta
788 1069 836 1104 sit
854 1070 951 1104 facta
974 1069 1087 1110 labes,
1104 1069 1224 1114 primo
1243 1068 1403 1103 Gabinia
1428 1069 1519 1114 1080,

199 1116 348 1151 11100010
361 1119 486 1150 autem
496 1119 579 1161 post
592 1116 729 1150 Cassia.
778 1117 934 1152 Videre
924 1128 1001 1151 Iam
1014 1116 1140 1152 videor
1150 1116 1329 1169 populum
1347 1128 1369 1151 a
1387 1121 1520 1152 senatu

202 1163 440 1216 disiunctum,
474 1162 726 1198 multitudinis
767 1164 918 1198 011111110
949 1175 1009 1198 100
1041 1163 1227 1198 maximas
1267 1163 1337 1208 agi.
1387 1164 1520 1199 Plures

201 1211 303 1245 enim
317 1211 469 1252 discent,
481 1222 593 1255 quem
607 1211 652 1245 ad
670 1211 824 1245 modum
835 1211 925 1246 haec
939 1211 1042 1252 fiant,
1056 1223 1169 1255 quam
1183 1222 1294 1255 quem
1290 1190 1352 1245 ead
1364 1211 1520 1246 modum

198 1257 244 1292 110
277 1258 481 1292 resistatur.
529 1259 587 1292 42.
614 1258 799 1301 Quorsum
838 1258 959 1293 haec?
1009 1258 1103 1301 Quia
1144 1258 1223 1293 sine
1260 1257 1368 1293 sociis
1408 1270 1520 1293 nemo

201 1305 400 1358 quicquam
417 1305 491 1339 tale
509 1308 674 1340 conatur.
724 1305 1030 1350 Praecipiendum
1055 1308 1111 1340 est
1135 1305 1248 1350 igitur
1273 1305 1391 1347 bonis,
1408 1309 1461 1347 ut,
1488 1305 1520 1341 si

199 1352 240 1386 in
258 1353 336 1387 eius
364 1352 467 1387 modi
496 1352 680 1387 amicitias
709 1352 829 1397 ignari
855 1365 942 1387 casu
967 1352 1090 1397 aliquo
1106 1352 1314 1394 inciderint,
1332 1365 1379 1387 ne
1397 1353 1518 1388 existi-

200 1404 305 1434 ment
332 1399 384 1434 ita
402 1411 439 1434 se
458 1399 637 1444 alligatos,
656 1403 697 1434 ut
715 1400 761 1434 ab
791 1399 921 1434 amicis
946 1400 986 1434 in
1009 1411 1146 1444 magna
1175 1399 1300 1444 aliqua
1316 1412 1355 1434 re
1372 1400 1519 1445 publica

198 1447 437 1492 peccantibus
454 1458 530 1481 non
548 1447 760 1488 discedant;
786 1447 949 1492 inprobis
963 1450 1090 1482 autem
1106 1459 1225 1492 poena
1237 1448 1433 1482 statuenda
1450 1451 1518 1501 est,

200 1506 269 1529 nec
286 1506 373 1529 vero
390 1494 513 1528 minor
531 1493 587 1535 110,
606 1494 670 1538 qui
695 1494 811 1529 secuti
837 1498 944 1529 erunt
970 1495 1140 1539 alterum,
1163 1506 1276 1539 quam
1293 1495 1348 1536 iis,
1369 1495 1431 1540 qui
1447 1494 1519 1540 ipsi

198 1541 336 1576 fuerint
364 1541 567 1586 impietatis
595 1542 716 1576 duces.
767 1541 1519 1623 Quis-‹QJEIpQQQSQ

201 1589 508 1642 0010-1101001101.
498 1591 515 1615 ‘>
542 1588 605 1633 qui
623 1601 708 1623 cum
726 1588 926 1633 imperator
969 1601 987 1624 e
1018 1601 1038 1623 0
1081 1600 1197 1623 010100
1211 1589 1388 1624 servitute
1406 1590 1503 1624 Grae

199 1630 546 1670 &am-hberaevisset‘
560 1639 780 1689 propterque
798 1636 1006 1670 invidiam
996 1648 1035 1670 m
1053 1636 1204 1670 exilium
1222 1637 1395 1681 expulsus
1413 1640 1520 1678 esset,

200 1682 367 1728 ingratae
399 1682 541 1728 patriae
567 1683 744 1717 1010110111
776 1695 851 1718 non
877 1683 974 1724 tulit,
1001 1695 1115 1728 quam
1144 1684 1237 1718 ferre
1266 1683 1403 1726 debuit,
1433 1684 1520 1719 fecit

200 1729 311 1771 idem,
338 1731 436 1775 quod
461 1742 509 1764 xx
535 1730 643 1764 annis
673 1734 758 1765 ante
786 1731 885 1775 apud
912 1742 979 1765 nos
1009 1731 1144 1765 fecerat
1170 1730 1398 1766 Coriolanus.
1447 1731 1520 1767 His

203 1777 349 1812 adiutor
366 1781 494 1812 contra
510 1777 672 1822 patriam
696 1777 871 1812 inventus
889 1781 944 1812 est
961 1789 1072 1812 nemo
1087 1788 1095 1819 ;
1122 1778 1247 1823 itaque
1264 1782 1425 1813 mortem
1451 1778 1522 1813 sibi

200 1827 355 1869 uterque
384 1824 574 1859 conscivit.
622 1826 679 1859 43.
706 1825 827 1867 Quare
854 1824 940 1860 talis
965 1825 1204 1870 inproborum
1228 1826 1420 1860 consensio
1445 1837 1521 1861 non

201 1872 312 1906 modo
325 1871 559 1906 excusatione
577 1871 762 1906 amicitiae
780 1873 937 1916 tegenda
953 1884 1029 1907 non
1046 1876 1112 1914 est,
1127 1873 1190 1907 sed
1206 1873 1327 1917 potius
1342 1873 1520 1918 supplicio

202 1919 305 1953 omni
323 1918 546 1954 vindicanda
564 1922 630 1960 est,
647 1922 689 1953 ut
715 1931 761 1953 ne
789 1919 871 1964 quis
897 1931 1114 1954 concessum
1140 1923 1245 1965 putet
1272 1921 1436 1955 amicmn
1461 1921 1521 1956 vel

201 1966 343 2000 bellum
359 1966 500 2019 patriae
517 1966 739 2001 inferentem
752 1967 876 2011 sequi,
868 1977 876 1984 ·
903 1967 1002 2011 quod
1013 1967 1174 2011 quidem,
1189 1971 1230 2002 ut
1246 1979 1305 2002 res
1322 1968 1375 2002 ire
1389 1968 1519 2013 coepit,

201 2013 303 2047 haud
323 2014 397 2048 0010
416 2025 464 2048 an
482 2013 679 2058 aliquando
697 2014 864 2048 futurum
893 2014 951 2049 sit.
1002 2014 1098 2048 Mihi
1127 2017 1254 2049 autem
1281 2027 1357 2049 non
1384 2015 1521 2050 minori

200 2072 310 2095 curae
329 2064 395 2102 est,
413 2060 533 2105 qualis
549 2072 608 2096 res
624 2060 772 2106 publica
799 2064 883 2106 post
911 2065 1073 2096 mortem
1098 2073 1224 2096 meam
1251 2062 1386 2104 futura,
1406 2073 1520 2107 quam

200 2108 320 2153 qualis
338 2108 447 2142 hodie
465 2107 523 2142 sit.
527 2100 563 2161 χ]

246 2155 360 2189 XIII.
385 2156 442 2189 44.
468 2154 573 2189 Haec
597 2154 710 2200 igitur
737 2155 858 2209 prima
883 2156 943 2190 lex
968 2156 1155 2191 amicitiae
1182 2156 1379 2198 sanciatur,
1405 2160 1448 2192 ut
1475 2156 1522 2192 ab

201 2201 331 2236 amicis
356 2202 512 2237 honesta
540 2205 721 2246 petamus,
741 2203 946 2237 amicorum
964 2215 1075 2238 causa
1091 2204 1248 2238 honesta
1265 2204 1456 2246 faciamus,
1473 2215 1522 2239 ne

200 2252 455 2294 exspectemus
469 2249 631 2294 quidem,
643 2250 733 2284 dum
749 2262 942 2294 rogemur3
961 2251 1127 2285 studium
1139 2263 1283 2296 semper
1293 2251 1400 2293 adsit,
1413 2263 1520 2287 cunc-

201 2296 293 2331 tatio
308 2296 403 2331 absit
418 2307 426 2339 ;
453 2296 650 2332 0000111010
663 2308 749 2343 xLe—ro
761 2298 847 2332 dare
865 2298 1069 2332 audeamus
1085 2297 1209 2333 libere.
1259 2298 1469 2334 Plurimum
1481 2298 1522 2334 in

201 2343 367 2379 amicitia
384 2343 590 2380 amicorum
606 2344 700 2380 bene
717 2344 954 2392 suadentium
971 2345 1093 2381 valeat
1116 2345 1326 2389 auctoritas,
1344 2358 1460 2392 eaque
1484 2349 1522 2382 et
