1708 2642
172 105 222 142 36
597 113 749 141 01oERo
777 114 833 140 DE
862 113 1068 141 AMICITIA.

176 205 290 240 etiam
323 204 557 239 verebuntur.
607 205 706 239 Nam
741 216 962 239 maxumum
1004 208 1265 240 ornamentum
1305 206 1491 243 amicitiae

173 253 280 293 tollit,
294 252 357 296 (1111
371 264 413 286 ex
428 264 469 286 ea
483 252 579 286 tollit
593 252 865 286 verecundiam.
914 254 971 286 83.
998 252 1130 296 Itaque
1147 253 1187 286 in
1203 253 1248 287 iis
1265 253 1492 297 perniciosus

176 304 231 334 est
261 311 369 340 error,
401 299 462 343 qui
490 299 715 333 existumant
748 299 956 333 lubidinum
984 303 1291 344 peccatorumque
1321 301 1490 336 omnium

173 351 299 392 patere
332 349 371 379 in
401 346 564 380 amicitia
596 346 808 388 licentiam3
850 346 1032 381 ‘virtutum
1066 347 1230 381 amicitia
1271 348 1431 382 adiutrix
1468 360 1490 383 a

177 398 311 428 natura
337 393 422 427 data
440 396 506 432 est,
524 405 599 427 non
621 393 795 427 vitiorum
814 405 947 434 comes,
965 398 1017 434 ut,
1036 394 1210 437 quoniam
1229 394 1392 428 solitaria
1415 407 1492 430 non

177 444 299 486 posset
317 440 433 474 virtus
459 440 506 474 ad
531 452 583 480 ea,
611 452 703 484 quae
729 452 876 474 summa
902 444 998 481 sunt,
1016 441 1216 485 pervenire,
1235 441 1429 476 coniuncta
1455 446 1492 477 et

179 487 389 522 consociata
407 499 493 521 cum
520 488 635 521 altera
660 488 877 532 perveniret.
928 489 1029 530 Quae
1059 488 1089 521 si
1116 500 1206 532 quos
1223 488 1318 522 inter
1335 488 1492 524 societas

179 538 243 569 aut
262 539 316 568 est
335 538 398 568 aut
416 534 486 568 fnit
504 538 567 568 aut
584 534 707 568 futura
725 538 791 575 651,
810 547 937 569 60111111
956 540 1010 569 651
1026 535 1217 569 habendus
1235 536 1281 569 ad
1299 547 1489 570 summum

177 586 331 616 naturae
358 581 497 616 bonum
515 585 688 626 optumus
714 581 1021 626 beatissimusque
1048 582 1255 616 comitatus.
1304 584 1360 616 84.
1386 584 1491 618 Haec

177 632 242 669 est,
261 628 425 672 inquam,
439 628 602 669 societas,
620 628 659 662 in
677 641 749 672 qua
766 629 891 663 omnia
908 629 1045 669 insunt,
1060 641 1152 673 quae
1170 633 1302 673 putant
1319 630 1489 665 homines

177 676 390 720 expetenda,
408 676 592 716 honestas,
607 676 732 719 gloria,
746 676 994 720 tranquillitas
1012 676 1127 710 animi
1141 681 1250 720 atque
1268 677 1488 719 iucunditas,

176 727 218 757 ut
237 726 283 763 et,
301 735 386 757 611111
405 723 495 757 haec
514 723 646 763 adsint,
665 722 773 757 beata
790 723 867 757 vita
885 723 932 758 sit
950 727 986 757 et
1004 724 1081 758 sine
1098 724 1156 758 his
1175 736 1252 758 esse
1270 736 1345 757 non
1362 724 1489 768 possit.

176 771 281 812 Quod
299 782 384 804 cum
410 774 605 815 optumum
621 782 913 814 maxumumque
932 771 989 811 sit,
1008 771 1039 804 si
1065 771 1103 804 id
1127 771 1298 805 volumus
1326 771 1489 816 adipisci,

172 817 302 852 virtuti
320 829 429 861 opera
447 818 567 851 danda
579 821 643 857 est,
657 818 735 851 sine
753 829 825 861 qua
842 829 909 852 nec
926 817 1129 852 amicitiam
1140 830 1258 862 neque
1275 819 1391 852 ullam
1409 830 1490 853 rem

174 865 417 908 expetendam
435 864 609 908 consequi
626 875 842 908 possumus;
871 876 912 898 ea
929 876 1015 899 vero
1032 865 1197 908 neglecta
1216 865 1278 909 qui
1295 877 1332 899 se
1351 866 1491 900 amicos

173 911 308 946 habere
338 912 573 952 arbitrantur,
600 916 680 945 tum
708 923 746 945 56
773 911 929 955 denique
956 923 1094 946 errasse
1114 912 1287 953 sentiunt,
1316 924 1401 947 611111
1427 924 1491 948 eos

173 959 295 1003 gravis
313 959 446 1003 aliquis
464 970 570 993 casus
588 958 742 1002 experiri
760 958 866 1001 cogit.
916 961 972 992 85.
999 959 1176 1000 Quocirca
1197 960 1407 1002 (dicendum
1433 964 1489 995 est

174 1006 275 1040 enim
294 1006 464 1051 saepius),
483 1018 567 1040 cum
585 1005 769 1046 iudicaris,
781 1005 930 1049 diligere
942 1010 1094 1050 oportet,
1108 1018 1192 1048 non,
1205 1018 1289 1040 cum
1308 1007 1488 1048 dilexeris,

173 1053 347 1087 iudicare.
399 1054 470 1088 Sed
487 1065 572 1087 cum
590 1052 719 1087 multis
735 1052 775 1086 in
791 1053 899 1086 rebus
924 1053 1156 1097 neglegentia
1180 1053 1386 1097 plectimur,
1404 1058 1486 1088 tum

173 1100 336 1134 maxime
365 1100 404 1134 in
434 1100 563 1134 amicis
582 1104 617 1133 et
643 1099 838 1143 diligendis
855 1103 891 1134 et
908 1100 1090 1141 colendis;
1117 1100 1360 1144 praeposteris
1386 1101 1487 1135 enim

173 1148 314 1182 utimur
333 1147 494 1182 consiliis
512 1151 547 1181 et
566 1151 647 1181 acta
666 1147 821 1187 agimus,
840 1147 938 1191 quod
955 1151 1125 1181 vetamur
1142 1150 1265 1181 vetere
1282 1147 1486 1191 proverbio.

172 1195 272 1229 Nam
296 1194 476 1239 implicati
501 1195 598 1228 ultro
617 1197 652 1228 et
670 1194 760 1228 citro
777 1194 836 1227 vel
862 1206 931 1228 usu
957 1193 1132 1228 diuturno
1149 1194 1208 1229 vel
1226 1194 1339 1228 etiam
1358 1195 1487 1230 officiis

170 1247 320 1286 repente
338 1243 376 1275 in
394 1241 516 1276 medio
541 1253 650 1276 cursu
680 1241 863 1276 amicitias
881 1245 1006 1276 exorta
1036 1241 1159 1286 aliqua
1188 1241 1388 1276 offensione
1414 1242 1484 1278 dis-

168 1289 389 1333 rumpimus.

217 1337 365 1370 XXIII.
384 1338 440 1370 86.
459 1336 538 1378 Quo
550 1336 663 1370 etiam
674 1335 793 1380 magis
804 1335 1046 1380 vituperanda
1060 1339 1114 1370 est
1125 1335 1178 1369 rei
1191 1335 1353 1370 maxime
1364 1348 1488 1371 neces-

171 1383 287 1419 sariae
302 1387 406 1418 tanta
419 1383 573 1418 incuria.
616 1384 701 1417 Una
716 1387 770 1417 est
784 1383 884 1417 enim
898 1383 1062 1417 amicitia
1073 1383 1111 1416 in
1122 1383 1230 1417 rebus
1242 1383 1427 1424 humanis,
1442 1385 1487 1418 de

170 1431 274 1465 cuius
288 1431 447 1465 utilitate
462 1442 590 1464 omnes
607 1442 681 1464 uno
696 1442 756 1464 ore
770 1430 1016 1465 consentiunt.
1066 1431 1301 1475 Quamquam
1319 1443 1340 1465 a
1357 1431 1487 1466 multis

169 1478 287 1512 virtus
304 1478 384 1522 ipsa
403 1478 651 1512 contemnitur
670 1481 705 1512 et
723 1477 927 1512 venditatio
946 1477 1127 1522 quaedam
1158 1481 1267 1522 atque
1286 1478 1485 1513 ostentatio

170 1536 249 1560 esse
278 1525 410 1559 dicitur
425 1536 433 1567 ;
460 1525 569 1559 multi
603 1524 750 1559 divitias
785 1525 1002 1569 despiciunt,
1028 1537 1118 1569 quos
1150 1537 1262 1569 parvo
1292 1528 1485 1560 contentos

168 1572 291 1607 tenuis
309 1572 427 1606 victus
446 1573 637 1616 cultusque
664 1572 841 1613 delectat3
867 1572 1025 1606 honores
1041 1584 1138 1612 vero,
1164 1584 1321 1616 quorum
1347 1572 1484 1617 cupidi-

168 1622 244 1654 tate
263 1620 415 1663 quidam
432 1619 725 1660 inflammantur,
740 1631 852 1663 quam
869 1619 979 1653 multi
995 1619 1047 1653 ita
1058 1622 1312 1660 contemnunt,
1329 1623 1371 1654 ut
1389 1619 1484 1654 nihil

168 1666 327 1708 inanius,
345 1666 439 1700 nihil
457 1679 535 1701 esse
552 1666 670 1701 levius
688 1666 920 1701 existiment!
947 1666 1109 1711 itemque
1135 1670 1266 1708 cetera,
1285 1678 1377 1711 quae
1404 1666 1482 1711 qui-

167 1713 325 1748 busdam
367 1714 599 1748 admirabilia
632 1714 814 1754 videntur,
846 1714 1021 1758 permulti
1055 1717 1140 1749 sunt
1175 1714 1237 1758 qui
1268 1725 1333 1758 pro
1366 1713 1484 1749 nihilo

167 1765 319 1806 putent;
347 1761 390 1795 de
408 1761 572 1795 amicitia
591 1773 718 1795 omnes
736 1761 783 1795 ad
799 1773 918 1795 unum
936 1761 1035 1795 idem
1053 1761 1228 1802 sentiunt,
1248 1765 1283 1795 et
1301 1761 1337 1802 ii,
1357 1761 1419 1805 qui
1436 1761 1484 1795 ad

167 1820 247 1843 rem
265 1809 451 1853 publicam
470 1820 507 1842 se
526 1809 772 1848 contulerunt,
790 1812 826 1842 et
843 1808 880 1849 ii,
899 1808 961 1853 qui
978 1820 1102 1842 rerum
1121 1808 1328 1852 cognitione
1352 1808 1482 1843 doctri-

166 1868 288 1900 naque
307 1856 546 1895 delectantur,
567 1859 602 1889 et
618 1856 656 1895 11,
675 1855 737 1899 (1111
756 1867 864 1890 suum
890 1855 1082 1899 negotium
1100 1859 1231 1899 gerunt
1251 1855 1368 1897 otiosi,
1386 1858 1482 1900 post-

167 1915 270 1937 remo
288 1903 324 1943 ii,
338 1903 399 1947 qui
418 1915 456 1937 se
469 1906 565 1937 totos
580 1903 809 1937 tradiderunt
820 1903 1081 1947 voluptatibus,
1094 1903 1172 1936 sine
1190 1902 1353 1940 amicitia
1366 1903 1484 1937 vitam

167 1951 425 1990 65561111116111,
452 1949 482 1983 51
506 1951 616 1984 1110(10
634 1950 749 1984 velint
777 1950 900 1994 aliqua
928 1962 972 1984 ex
999 1953 1103 1995 parte
1132 1950 1331 1984 liberaliter
1348 1949 1482 1985 vivere.

167 1999 224 2032 87.
253 1998 372 2042 Serpit
398 1997 498 2031 enim
528 1997 652 2031 nescio
683 2009 754 2041 quo
784 1998 894 2032 modo
918 2009 982 2042 per
1007 1997 1177 2031 omnium
1194 1997 1290 2032 vitas
1319 1996 1486 2033 amicitia

165 2057 233 2079 nec
251 2045 367 2078 ullam
387 2044 522 2097 aetatis
537 2045 723 2088 degendae
740 2044 923 2079 rationem
946 2044 1085 2089 patitur
1103 2056 1181 2079 esse
1200 2047 1387 2089 expertem
1413 2043 1481 2079 sui.

167 2092 265 2135 Quin
283 2092 396 2126 etiam
415 2091 445 2126 si
463 2091 544 2136 quis
563 2092 760 2136 asperitate
779 2104 820 2126 ea
839 2095 893 2126 est
912 2095 947 2126 et
966 2091 1186 2126 inmanitate
1212 2096 1377 2131 naturae,
1396 2103 1479 2126 con-

165 2151 313 2182 gressus
330 2143 370 2174 ut
388 2139 584 2173 hominum
615 2139 731 2182 fugiat
755 2142 865 2184 atque
883 2139 999 2173 oderit
1029 2139 1177 2192 qualem
1195 2139 1306 2173 fuisse
1324 2138 1481 2173 Athenis

166 2187 363 2221 Timonem
380 2186 503 2220 1165610
530 2198 669 2231 quem
659 2185 879 2230 accepimus,
897 2190 1024 2220 tamen
1042 2187 1073 2221 is
1091 2186 1168 2231 pati
1184 2198 1259 2220 non
1287 2185 1412 2230 possit,
1436 2188 1480 2221 ut

163 2246 239 2267 non
257 2234 427 2278 anquirat
442 2233 614 2286 aliquem,
633 2233 731 2278 apud
744 2245 855 2286 quem
874 2245 1021 2268 evomat
1032 2245 1133 2268 virus
1151 2232 1360 2268 acerbitatis
1379 2244 1478 2267 suae.

162 2282 283 2339 Atque
299 2281 369 2316 hoc
386 2280 548 2316 maxime
565 2280 800 2323 iudicaretur,
818 2280 849 2316 si
867 2281 955 2326 quid
972 2281 1045 2316 tale
1061 2284 1185 2327 posset
1201 2280 1424 2325 contingere,
1436 2283 1480 2316 ut
