1708 2642
160 160 212 200 26
586 169 739 198 CICERO
766 170 823 197 DE
851 170 1057 198 AMICITIA.

165 263 214 299 ad
230 261 406 297 iniuriam
421 271 430 303 3
457 261 555 306 quod
572 261 635 306 qui
651 265 874 302 recusarent,
894 261 1065 306 quamvis
1082 261 1236 296 honeste
1253 262 1292 297 id
1308 263 1480 305 facerent,

164 310 224 346 ius
241 314 368 344 tamen
397 308 582 343 amicitiae
600 309 766 343 deserere
785 312 1025 352 arguerentur
1043 308 1088 342 ab
1105 308 1161 349 iis,
1181 309 1313 353 quibus
1330 310 1481 356 obsequi

164 358 317 393 nollent.
366 356 457 390 Illos
474 359 611 396 autem,
629 356 692 400 qui
717 355 863 400 quidvis
880 356 925 390 ab
944 355 1063 390 amico
1081 357 1259 390 auderent
1282 358 1480 402 postulare,

163 403 411 450 postulatione
435 403 515 447 ipsa
539 402 703 447 profiteri
720 403 845 437 omnia
871 414 909 437 se
935 403 1045 437 amici
1070 414 1181 437 causa
1206 415 1284 438 esse
1310 404 1481 440 facturos.

164 453 308 486 Eorum
341 450 489 494 querela
521 449 727 483 inveterata
759 461 835 484 non
862 450 973 484 modo
1002 450 1273 485 familiaritates
1300 451 1483 496 exstingui

165 499 292 537 solere,
311 498 374 531 sed
391 497 474 530 odia
492 496 605 530 etiam
623 496 723 540 gigni
741 496 976 541 sempiterna.
1025 498 1130 531 Haec
1155 497 1208 531 ita
1232 498 1352 532 multa
1377 498 1482 543 quasi

162 546 239 580 fata
271 544 470 588 inpendere
511 543 696 584 amicitiis,
729 547 771 578 ut
805 544 931 578 omnia
965 544 1214 588 subterfugere
1247 557 1324 579 non
1364 546 1478 581 modo

165 592 379 637 sapientiae,
397 592 461 625 sed
478 590 591 625 etiam
608 590 793 625 felicitatis
811 591 947 625 diceret
965 591 1033 625 sibi
1050 586 1241 628 videris

214 640 281 673 XI.
331 640 387 672 36.
414 638 534 680 Quam
551 638 596 672 ob
614 650 694 672 rem
718 638 757 672 id
780 638 944 682 primum
961 638 1164 679 videamus,
1183 638 1214 673 si
1237 639 1368 684 placet,
1395 651 1480 684 qua-

166 690 276 721 tenus
294 697 397 719 amor
414 685 453 718 in
471 685 634 719 amicitia
651 685 820 730 progredi
845 685 987 719 debeat.
1037 686 1197 727 Numne,
1217 687 1247 720 si
1265 687 1483 722 Coriolanus

166 733 297 768 habuit
323 732 472 773 amicos,
497 732 590 766 ferre
616 736 743 767 contra
775 732 936 777 patriam
969 744 1073 767 arma
1097 733 1151 766 illi
1177 745 1262 768 cum
1288 734 1483 770 Coriolano

168 780 402 815 debuerunt?
428 791 520 813 num
544 779 776 814 Vecellinum
802 779 913 813 amici
937 791 1093 824 regnum
1118 780 1365 825 adpetentem,
1390 793 1484 816 num

168 827 349 862 Maelium
367 827 571 861 debuerunt
587 826 746 861 iuvare?
796 828 852 861 37.
878 826 957 860 Tib.
984 827 1134 871 quidem
1164 829 1375 863 Gracchum
1403 840 1484 863 rem

167 874 355 920 publicam
372 877 568 908 vexantem
594 885 615 908 a
641 874 682 916 Q.
708 873 900 908 Tuberone
917 874 1202 919 aequalibusque
1228 875 1358 910 amicis
1384 876 1482 911 dere-

168 922 299 956 lictum
325 921 553 956 videbamus.
601 922 650 955 At
675 921 714 955 C.
740 921 908 955 Blossius
934 922 1134 962 Cumanus,
1163 922 1296 967 hospes
1321 923 1485 958 familiae

167 973 322 1009 vestrae,
342 968 528 1009 Scaevola,
546 980 658 1012 quom
676 968 723 1001 ad
738 979 810 1009 me,
825 968 922 1012 quod
939 968 1090 1002 aderam
1106 969 1263 1003 Laenati
1281 974 1317 1004 et
1335 970 1484 1015 Rupilio

168 1016 381 1052 consulibus
405 1015 444 1049 in
470 1015 631 1056 consilio,
650 1015 887 1059 deprecatum
904 1015 1076 1057 venisset,
1093 1015 1201 1057 hanc,
1218 1020 1259 1051 ut
1277 1016 1347 1051 sibi
1363 1017 1483 1061 ignos-

169 1075 302 1104 cerem,
332 1074 483 1097 causam
521 1062 718 1103 adferebat,
745 1062 843 1106 quod
867 1063 962 1096 tanti
987 1062 1065 1097 Tib.
1093 1063 1303 1097 Gracchum
1328 1064 1485 1106 fecisset,

169 1114 223 1152 ut,
257 1110 435 1155 quidquid
467 1109 529 1144 ille
561 1110 683 1149 vellet,
717 1109 786 1143 sibi
819 1109 1030 1144 faciendum
1063 1114 1220 1154 putaret.
1270 1112 1367 1145 Tum
1393 1124 1458 1157 ego
1474 1122 1483 1148 z

172 1158 415 1197 ‘Etiamne,
446 1157 483 1191 si
515 1160 558 1191 te
590 1156 636 1190 in
669 1156 947 1201 Capitolium
980 1158 1103 1191 faces
1136 1158 1254 1192 ferre
1287 1159 1429 1194 vellet
1444 1162 1483 1196 ‘2’

171 1209 180 1225 ‘
195 1206 510 1253 NquiaQL,
525 1203 686 1250 inquit„
698 1203 1062 1244 ‚maluisset-m.
1076 1216 1095 1248 ss
1106 1204 1257 1239 uidem
1272 1215 1280 1247 ;
1290 1206 1486 1246 ,sed-‚si

203 1247 448 1298 oluisss}{L
451 1263 480 1296 Ι)
480 1251 740 1293 3111115501ῌᾲ
786 1251 941 1293 Videtis,
975 1263 1088 1296 quam
1116 1252 1257 1286 nefaria
1290 1265 1360 1287 vox
1376 1254 1384 1288 l
1434 1255 1486 1290 Et

170 1300 282 1334 hercu
301 1312 318 1333 e
336 1302 388 1333 ita
406 1299 491 1332 fecit
505 1299 566 1379 ve&
579 1299 662 1343 plus
674 1298 798 1339 etiam,
812 1310 925 1343 quam
943 1298 1053 1339 dixit3
1079 1310 1155 1333 non
1169 1298 1268 1333 enim
1285 1301 1408 1344 paruit
1424 1301 1487 1337 ifle

171 1346 227 1381 Ti.
266 1346 424 1381 Gracchi
469 1349 544 1379 tem
569 1345 680 1386 ritati‚
715 1346 779 1380 sed
810 1345 979 1390 praefuit,
1008 1357 1076 1380 nec
1109 1357 1147 1380 se
1181 1347 1355 1382 comitem
1388 1348 1488 1384 illius

171 1394 315 1434 furoris,
344 1394 407 1427 sed
434 1393 565 1427 ducem
591 1392 770 1437 praebuit.
820 1394 952 1437 Itaque
985 1392 1055 1427 hac
1085 1393 1249 1427 amentia
1272 1396 1488 1438 quaestione

170 1452 268 1475 nova
285 1440 500 1485 perterritus
517 1440 556 1473 in
573 1440 700 1473 Asiam
717 1440 887 1484 profugit,
906 1441 953 1474 ad
969 1440 1093 1474 hostes
1112 1452 1149 1475 se
1166 1442 1332 1483 contulit,
1349 1454 1487 1487 poenas

171 1488 226 1523 rei
250 1488 416 1532 publicae
443 1499 572 1531 graves
597 1487 786 1531 iustasque
810 1487 997 1532 persolvit.
1047 1487 1160 1521 Nulla
1178 1492 1233 1522 est
1250 1488 1362 1533 igitur
1380 1502 1485 1525 excu-

171 1535 265 1570 satio
288 1535 439 1579 peccati,
466 1534 497 1568 si
522 1533 632 1568 amici
657 1546 768 1568 causa
792 1534 1023 1579 peccaveris;
1050 1546 1139 1568 nam
1157 1547 1242 1569 cum
1260 1536 1488 1580 Qatrix

172 1582 358 1618 amicitiae
376 1581 523 1623 virtutis
541 1581 663 1626 opinio
678 1581 798 1622 fuerit,
818 1582 964 1616 difficile
979 1584 1034 1616 est
1052 1582 1257 1616 amicitiam
1274 1595 1436 1626 manere,
1456 1585 1488 1621 si

172 1641 194 1665 a
211 1630 348 1665 virtute
373 1620 663 1667 defecerissssss.
691 1629 829 1671 Quodsi
853 1632 996 1663 rectum
1026 1629 1266 1664 statuerimus
1283 1631 1341 1665 vel
1359 1644 1485 1668 conce-

174 1677 259 1712 dere
277 1676 417 1717 amicis,
436 1675 614 1720 quidquid
631 1675 756 1716 velint,
774 1676 833 1710 vel
857 1676 1042 1720 inpetrare
1060 1676 1105 1710 ab
1123 1676 1180 1717 iis,
1200 1677 1382 1722 quidquid
1399 1680 1486 1714 veli-

172 1736 268 1764 mus,
286 1724 447 1768 perfecta
473 1723 622 1766 quidem
641 1723 821 1767 sapientia
839 1723 870 1758 si
888 1723 1014 1764 simus,
1032 1723 1127 1757 nihil
1151 1723 1285 1759 habeat
1310 1737 1368 1760 res
1385 1727 1488 1768 vitii3

173 1772 238 1807 sed
263 1771 449 1815 loquimur
474 1771 517 1804 de
542 1770 588 1804 iis
614 1770 753 1811 amicis,
772 1770 835 1815 qui
852 1774 937 1805 ante
955 1770 1078 1805 oculos
1104 1774 1200 1811 sunt,
1219 1783 1310 1816 quos
1327 1773 1489 1810 vidimus

174 1822 240 1853 aut
265 1819 308 1853 de
335 1818 466 1862 quibus
491 1817 671 1851 memoria
697 1818 916 1861 accepimus,
935 1830 1025 1862 quos
1049 1818 1153 1852 novit
1170 1818 1247 1852 vita
1267 1822 1488 1857 communis.

172 1867 232 1900 Ex
248 1866 317 1900 hoc
334 1876 489 1899 numero
506 1864 612 1898 nobis
629 1865 797 1909 exempla
822 1865 1002 1899 sumenda
1019 1868 1115 1905 sunt,
1133 1869 1169 1899 et
1187 1877 1315 1900 eorum
1340 1868 1490 1912 quidem

173 1913 348 1954 maxime,
367 1913 430 1957 qui
457 1912 504 1945 ad
532 1911 753 1956 sapientiam
781 1924 959 1957 proxume
987 1912 1178 1947 accedunt.
1227 1915 1283 1948 39.
1309 1915 1490 1951 Videmus

175 1962 320 2005 Papum
353 1959 555 1994 Aemilium
588 1959 748 1993 Luscino
782 1959 1005 1993 familiarem
1038 1958 1150 1993 fuisse
1188 1959 1252 2003 (sic
1278 1973 1300 1995 a
1324 1963 1491 2006 patribus

175 2008 412 2052 accepimus),
430 2006 485 2041 bis
511 2017 585 2040 una
611 2006 790 2047 consules,
816 2007 974 2050 collegas
991 2006 1030 2040 in
1048 2017 1223 2049 censura3
1250 2011 1332 2043 tum
1351 2013 1386 2044 et
1404 2022 1490 2046 cum

176 2055 222 2089 iis
252 2059 288 2089 et
317 2055 413 2089 inter
438 2065 475 2089 se
503 2053 825 2088 coniunctissimos
850 2053 962 2088 fuisse
989 2054 1054 2088 M’.
1081 2053 1245 2095 Curium,
1271 2056 1326 2090 Ti.
1352 2058 1489 2092 Corun.

175 2102 325 2137 canium
354 2100 556 2136 memoriae
584 2100 771 2144 proditiun
797 2104 863 2135 est.
913 2100 1032 2144 Igitur
1060 2112 1107 2135 ne
1137 2101 1315 2146 suspicari
1340 2104 1490 2148 quidem

173 2161 371 2194 possumus
397 2159 623 2193 quemquam
646 2147 781 2182 horum
810 2147 855 2182 ab
883 2148 1002 2182 amico
1029 2147 1219 2192 quippiam
1246 2152 1490 2194 contendisse,

176 2198 274 2241 quod
291 2201 418 2231 contra
445 2196 568 2235 fidem,
587 2198 714 2229 contra
741 2194 798 2229 ius
824 2195 1034 2235 iurandum,
1052 2198 1180 2229 contra
1195 2207 1275 2230 rem
1303 2198 1490 2242 publicam

177 2248 283 2278 esset.
334 2245 432 2278 Nam
449 2243 519 2276 hoc
537 2241 686 2286 quidem
704 2242 743 2275 in
760 2242 895 2276 talibus
912 2241 1000 2276 viris
1019 2241 1107 2286 quid
1133 2242 1275 2278 adtinet
1303 2245 1432 2287 dicere,
1458 2246 1491 2281 si

175 2291 435 2331 contendisset,
468 2290 754 2333 impetraturum
786 2301 862 2323 non
890 2289 1002 2323 fuisse
1017 2291 1034 2323 ἱ)
1060 2300 1146 2323 cum
1178 2289 1233 2323 illi
1265 2293 1491 2328 sanctissimi

175 2337 247 2374 viri
263 2338 409 2380 fuerint,
427 2348 542 2382 aeque
557 2339 683 2371 autem
698 2335 802 2371 nefas
820 2336 867 2372 sit
883 2336 957 2371 tale
974 2335 1114 2381 aliquid
1131 2339 1167 2371 et
1183 2336 1301 2373 facere
1317 2343 1489 2385 rogatum

1704 357 1708 364 .
1698 269 1708 343 mm.
