1698 2662
613 176 765 205 cronno
794 175 863 203 DE‘
879 176 1085 204 AMICITIA.
1462 170 1514 209 37

192 268 325 314 aliquis
341 280 409 303 nos
427 268 517 303 deus
534 279 578 302 ex
595 267 664 302 hac
678 267 875 302 hominum
889 266 1097 312 frequentia
1114 267 1258 302 tolleret
1277 271 1312 302 et
1329 267 1368 302 in
1386 268 1510 304 solitu-

191 316 276 351 dine
305 316 452 361 uspiam
470 315 664 350 collocaret
692 318 802 358 atque
832 314 883 348 ibi
911 314 1150 359 suppeditans
1177 315 1346 349 omnium
1372 327 1509 357 rerum,

192 375 284 408 quas
301 368 434 397 natura
452 362 646 403 desiderat,
665 361 933 396 abundantiam
951 366 987 395 et
1006 361 1151 406 copiam
1176 362 1339 396 hominis
1358 363 1509 397 omnino

192 410 393 455 aspiciendi
410 413 632 454 potestatem
650 409 816 453 eriperet.
866 408 955 451 Quis
967 413 1045 442 tam
1063 412 1159 443 esset
1177 409 1326 450 ferreus,
1345 410 1408 454 qui
1425 422 1509 444 eam

191 457 310 492 vitam
342 458 435 491 ferre
468 460 601 501 posset,
630 456 762 500 cuique
786 467 861 490 non
894 456 1054 490 auferret
1086 456 1248 490 fructum
1275 457 1509 501 voluptatum

191 504 360 539 omnium
380 504 537 538 solitudo
551 506 567 538 P
617 505 672 537 88.
698 504 840 537 Verum
858 514 943 547 ergo
960 503 1053 536 illud
1071 507 1135 544 est,
1155 504 1251 547 quod
1269 516 1290 537 a
1308 504 1508 539 Tarentino

191 551 366 596 Archyta,
395 555 437 585 ut
464 550 602 595 opinor,
631 550 702 584 dici
733 550 883 584 solitum
912 553 1057 584 nostros
1083 562 1188 584 senes
1217 563 1509 586 commemorare

193 598 318 633 audivi
335 597 380 632 ab
398 597 479 631 aliis
498 597 646 631 senibus
664 597 832 631 auditum
847 607 853 631 :
881 601 888 615 ‘
902 597 939 630 si
964 597 1064 640 quis
1089 597 1135 630 in
1160 599 1333 632 caelum
1359 610 1505 633 ascen-

194 645 338 680 disset
362 648 662 688 naturamque
700 644 854 678 mundi
889 647 930 678 et
967 644 1364 687 pulchritudinem
1399 646 1506 680 side-

192 704 287 727 rum
312 704 335 737 p
350 691 640 736 erspexisset,
675 691 912 725 insuavem
936 691 1064 725 illam
1090 692 1440 727 admirationem
1467 693 1507 727 ei

194 739 310 781 fore;
338 750 448 783 quae
474 738 808 772 iucundissima
833 738 1010 779 fuisset,
1030 738 1066 772 si
1091 739 1299 783 aliquem,
1318 740 1388 774 cui
1414 752 1506 774 nar-

191 789 327 826 raret,
352 785 612 820 habuisset.'
665 785 723 820 Sic
741 789 875 820 natura
893 785 1099 820 solitarium
1116 786 1210 820 nihil
1227 790 1329 821 amat
1349 799 1506 831 semper-

191 845 262 877 que
296 833 343 867 ad
375 832 524 877 aliquod
563 836 758 876 tamquam
799 832 1067 867 adminiculum
1101 833 1280 868 adnititur
1295 845 1303 876 ;
1347 835 1443 878 quod
1468 835 1508 869 in

191 879 419 915 amicissimo
437 891 581 924 quoque
600 880 855 914 dulcissimum
873 883 938 914 est.
955 891 984 922 ρ,

236 927 376 961 XXIV.
397 927 468 961 Sed
479 938 564 961 cum
576 930 630 961 tot
644 927 756 970 signis
766 927 894 961 eadem
905 930 1039 964 natura
1050 927 1220 968 declaret,
1230 928 1318 972 quid
1330 929 1429 970 velit,
1444 940 1506 963 an-

191 974 324 1019 quirat,
343 973 534 1014 desideret,
552 978 679 1008 tamen
697 974 994 1008 obsurdescimus
1010 975 1134 1009 nescio
1152 987 1223 1019 quo
1241 976 1351 1009 modo
1369 987 1436 1010 nec
1454 988 1507 1017 ea,

190 1033 284 1066 quae
296 1021 341 1055 ab
353 1033 395 1055 ea
406 1033 613 1061 monemur,
628 1021 811 1056 audimus.
837 1022 906 1055 Est
917 1021 1017 1055 enim
1028 1022 1152 1056 varius
1166 1027 1201 1056 et
1214 1023 1408 1067 multiplex
1420 1022 1509 1058 usu's

191 1068 387 1109 amicitiae,
398 1069 611 1112 multaeque
624 1080 755 1102 causae
768 1069 1019 1113 suspicionum
1032 1069 1349 1114 offensionumque
1362 1071 1508 1111 dantur,

191 1127 283 1160 quas
301 1119 381 1150 tum
401 1116 549 1155 evitare,
568 1120 649 1149 tum
668 1116 821 1156 elevare,
840 1122 921 1150 tum
938 1116 1030 1150 ferre
1049 1117 1225 1161 sapientis
1243 1122 1318 1158 est;
1345 1129 1420 1152 una
1444 1117 1508 1152 illa

191 1163 418 1198 sublevanda
436 1162 588 1197 offensio
607 1167 672 1203 est,
690 1166 731 1197 ut
749 1167 785 1197 et
801 1163 943 1197 utilitas
966 1163 1005 1197 in
1023 1164 1186 1198 amicitia
1205 1168 1240 1198 et
1258 1164 1349 1198 fides
1374 1165 1506 1199 retine-

191 1214 295 1245 atur:
321 1222 411 1244 nam
429 1214 464 1244 et
481 1210 657 1244 monendi
683 1210 793 1244 amici
819 1222 926 1255 saepe
952 1217 1038 1245 sunt
1056 1215 1092 1245 et
1109 1211 1337 1255 obiurgandi,
1357 1218 1392 1246 et
1417 1212 1508 1247 haec

190 1257 403 1302 accipienda
420 1257 549 1297 amice,
563 1269 649 1291 cum
666 1257 833 1291 benivole
850 1258 956 1291 fiunt.
1005 1260 1062 1292 89.
1090 1259 1161 1293 Sed
1177 1259 1300 1293 nescio
1315 1271 1386 1304 quo
1399 1260 1510 1294 modo

190 1316 321 1340 verum
339 1308 405 1345 est,
424 1305 521 1349 quod
538 1305 577 1337 in
594 1305 735 1338 Andria
752 1305 945 1339 familiaris
960 1317 1066 1339 meus
1084 1306 1172 1340 dicit
1186 1317 1193 1340 :

332 1368 610 1414 Obsequium
636 1369 819 1411 amicos,
846 1369 1019 1405 veritas
1044 1370 1195 1404 odium
1219 1371 1351 1416 parit.

191 1444 351 1478 Molesta
368 1444 516 1485 veritas,
535 1444 717 1489 siquidem
735 1456 777 1479 ex
801 1457 844 1479 ea
868 1445 1032 1480 nascitur
1050 1445 1186 1487 odium,
1206 1447 1303 1490 quod
1328 1450 1383 1481 est
1400 1459 1507 1482 vene-

189 1503 281 1525 num
308 1491 504 1532 amicitiae,
523 1493 587 1526 sed
616 1492 833 1536 obsequium
862 1493 981 1526 multo
997 1493 1200 1534 molestius,
1228 1495 1325 1538 quod
1349 1495 1510 1539 peccatis

191 1538 387 1583 indulgens
403 1539 641 1583 praecipitem
661 1540 823 1573 amicum
838 1540 923 1574 ferri
938 1540 1025 1574 sinit
1040 1552 1047 1581 ;
1073 1552 1250 1575 maxuma
1264 1545 1388 1576 autem
1401 1542 1508 1587 culpa

189 1585 230 1620 in
247 1597 300 1627 00,
319 1586 382 1630 qui
400 1590 436 1620 et
453 1587 648 1621 veritatem
666 1590 883 1631 aspernatur
901 1591 936 1621 et
953 1587 992 1621 in
1009 1587 1177 1622 fraudem
1195 1588 1367 1633 obsequio
1393 1589 1506 1634 inpel-

189 1633 289 1668 litur.
339 1634 450 1668 Omni
476 1633 588 1678 igitur
614 1634 683 1668 hac
712 1634 751 1667 in
778 1646 816 1668 re
843 1634 1013 1668 habenda
1040 1635 1135 1669 ratio
1162 1639 1197 1670 et
1225 1636 1415 1680 diligentia
1440 1640 1507 1678 est,

190 1680 354 1725 primum
379 1685 421 1715 ut
445 1681 601 1715 monitio
619 1681 827 1722 acerbitate,
855 1682 985 1716 deinde
1002 1686 1043 1716 ut
1061 1682 1265 1727 obiurgatio
1283 1684 1508 1719 contumelia

190 1731 335 1770 careat3
362 1728 401 1761 in
419 1728 592 1773 obsequio
611 1732 747 1768 autem,
767 1729 942 1773 quoniam
960 1729 1181 1764 Terentiano
1200 1730 1310 1765 verbo
1336 1731 1506 1765 lubenter

189 1774 341 1816 utimur,
375 1775 530 1809 comitas
563 1775 670 1816 adsit,
703 1776 921 1817 adsentatio,
954 1776 1131 1811 vitiorum
1168 1777 1338 1819 adiutriX‚
1380 1779 1507 1823 procul

191 1826 418 1863 amoveatur,
438 1835 530 1867 quae
558 1835 633 1856 non
650 1823 760 1856 modo
779 1823 908 1863 amico,
928 1824 991 1858 sed
1016 1836 1064 1858 ne
1089 1825 1201 1858 libero
1220 1825 1369 1869 quidem
1396 1826 1507 1869 digna

190 1872 267 1910 est;
295 1870 402 1904 aliter
428 1870 528 1904 enim
557 1881 643 1904 cum
673 1874 843 1914 tyranno,
867 1871 972 1905 aliter
1001 1883 1086 1905 cum
1116 1872 1236 1906 amico
1253 1872 1400 1907 vivitur.
1415 1878 1433 1925 p
1449 1875 1506 1907 90.

191 1916 306 1951 Cuius
335 1920 461 1951 autem
488 1929 594 1951 aures
621 1917 766 1951 clausae
792 1918 939 1952 veritati
967 1923 1063 1959 sunt,
1093 1922 1134 1953 ut
1164 1919 1209 1953 ab
1240 1920 1359 1954 amico
1376 1932 1506 1955 verum

190 1964 318 1998 audire
344 1969 514 2008 nequeat,
532 1964 642 1998 huius
670 1965 768 1998 salus
796 1965 1022 2009 desperanda
1040 1970 1105 2000 est.
1158 1967 1299 2001 Scitum
1325 1971 1380 2002 est
1405 1968 1506 2002 enim

189 2010 282 2045 illud
315 2011 477 2052 Catonis,
504 2016 546 2045 ut
572 2011 715 2046 multa:
743 2012 925 2047 ‘melius
951 2013 1000 2047 de
1027 2013 1295 2058 quibusdam
1321 2015 1506 2050 acerbos

189 2057 404 2093 inimicos
428 2059 591 2093 mereri
617 2071 747 2103 quam
773 2071 845 2093 eos
883 2060 1061 2101 amicos,
1088 2061 1163 2105 qui
1202 2062 1357 2096 dulces
1382 2062 1503 2097 vide-

192 2109 346 2146 antur;
374 2106 478 2139 illos
496 2118 652 2140 verum
670 2118 801 2150 saepe
820 2107 980 2148 dicere,
998 2108 1076 2142 hos
1094 2113 1358 2152 numquam!
1385 2112 1506 2154 Atque

189 2152 282 2186 illud
309 2153 520 2194 absurdum,
540 2153 637 2197 quod
653 2153 689 2194 ii,
709 2154 771 2197 qui
798 2159 1007 2195 monentur,
1038 2167 1120 2189 eam
1151 2156 1373 2197 molestiam,
1392 2169 1505 2201 quam

190 2199 324 2234 debent
353 2212 492 2245 capere,
520 2212 596 2234 non
624 2200 785 2245 capiunt,
814 2213 897 2236 eam
924 2202 1085 2247 capiunt,
1104 2215 1176 2247 qua
1205 2203 1338 2238 debent
1355 2215 1507 2246 vacare3

189 2258 360 2292 peccasse
378 2248 478 2281 enim
497 2259 534 2281 se
551 2260 626 2281 non
644 2252 840 2291 anguntur,
860 2249 1043 2293 obiurgari
1065 2250 1220 2284 moleste
1238 2251 1381 2293 ferunt;
1409 2252 1508 2296 quod

192 2298 322 2329 contra
341 2294 541 2339 oportebat,
561 2295 693 2329 delicto
711 2296 843 2337 dolere,
862 2297 1085 2331 correctione
1102 2298 1271 2341 gaudere.

237 2342 354 2378 XXV.
380 2343 436 2377 91.
464 2343 516 2377 Ut
544 2342 656 2387 igitur
674 2346 709 2377 et
726 2354 877 2378 monere
895 2347 930 2378 et
947 2345 1091 2379 moneri
1118 2345 1308 2389 proprium
1327 2349 1381 2381 est
1399 2358 1508 2382 verae
