1698 2662
604 177 757 205 CICERO
784 178 840 205 DE
869 177 1076 205 AMICITIA.
1453 168 1504 207 29

180 269 282 304 enim
299 273 378 304 tam
396 269 598 304 absurdum
624 281 736 314 quam
763 268 936 304 delectari
960 268 1091 303 multis
1111 268 1289 303 inanimis
1315 267 1435 309 rebus,
1461 272 1503 304 ut

180 317 329 355 honore,
349 323 389 351 ut
407 316 532 360 gloria,
550 320 592 351 ut
611 317 790 356 aedificio,
808 321 850 351 ut
868 316 1007 351 vestitu
1033 316 1208 360 cultuque
1226 315 1397 360 corporis,
1424 315 1500 350 ani-

180 368 308 398 mante
327 364 462 398 virtute
479 363 654 408 praedito,
674 376 715 398 eo
734 364 797 408 qui
814 364 873 398 vel
890 375 1016 397 amare
1034 363 1103 403 vel,
1121 367 1162 397 ut
1179 362 1231 397 ita
1250 362 1382 403 dicam,
1400 363 1501 397 reda-

181 423 284 445 mare
302 411 428 456 possit,
446 423 521 445 non
547 411 749 445 admodum
767 410 970 445 delectari?
1021 410 1125 444 Nihil
1144 413 1199 444 est
1214 409 1316 444 enim
1333 421 1500 444 remune-

180 458 324 492 ratione
336 458 616 497 benivolentiae,
634 458 728 492 nihil
740 457 993 492 vicissitudine
1005 457 1212 491 studiorum
1224 456 1502 501 officiorumque

182 505 391 539 iuciuidius.
441 507 497 539 50.
525 505 630 547 Quid,
649 505 680 539 si
705 505 797 539 illud
824 505 937 539 etiam
966 504 1148 544 addimus,
1167 504 1264 548 quod
1292 508 1390 538 recte
1415 503 1502 538 addi

181 555 313 597 potest,
331 552 425 586 nihil
443 563 532 592 esse,
551 552 648 596 quod
666 553 712 586 ad
738 564 775 586 se
793 564 872 586 rem
889 552 1005 586 ullam
1023 555 1102 586 tam
1128 551 1265 585 alliciat
1284 554 1319 585 et
1337 551 1502 586 attrahat

182 611 294 643 quam
310 599 356 634 ad
369 599 574 633 amicitiam
592 599 795 633 similitudo
808 602 824 634 ζ)
851 599 1071 633 concedetur
1088 599 1249 642 profecto
1262 609 1392 632 verum
1410 609 1501 640 esse,

183 650 226 680 ut
250 647 365 681 bonos
391 646 478 680 boni
506 645 660 689 diligant
688 646 967 690 adsciscantque
994 645 1063 680 sibi
1091 645 1196 689 quasi
1226 645 1502 690 propinquitate

184 693 400 728 coniunctos
418 697 528 737 atque
553 698 697 727 natura.
749 693 851 727 Nihil
868 697 923 727 est
941 692 1042 727 enim
1060 692 1293 737 appetentius
1321 692 1502 728 similium

184 740 241 773 sui
266 752 333 774 nec
360 741 529 784 rapacius
562 752 675 784 quam
693 742 851 775 natura.
902 741 1022 782 Quam
1048 739 1093 774 ob
1122 751 1202 773 rem
1235 739 1304 773 hoc
1339 739 1500 783 quidem,

183 787 305 821 Fanni
324 791 359 821 et
387 787 574 827 Scaevola,
593 791 746 828 constet,
773 791 813 822 ut
840 787 978 832 opinor,
996 786 1102 821 bonis
1129 786 1226 821 inter
1255 786 1369 820 bonos
1396 786 1502 831 quasi

179 834 429 868 necessariam
446 834 745 875 benivolentiam,
764 835 827 879 qui
845 838 899 869 est
916 833 1102 868 amicitiae
1126 833 1208 867 fons
1226 845 1247 867 a
1264 837 1398 867 natura
1416 845 1499 868 000-

180 881 344 915 stitutus.
396 882 468 916 Sed
494 881 624 915 eadem
653 881 798 916 bonitas
824 882 937 916 etiam
955 882 1002 916 ad
1018 880 1300 915 multitudinem
1328 880 1501 925 pertinet.

180 929 266 963 Non
284 928 384 962 enim
402 933 457 962 est
482 928 688 963 inhumana
713 929 831 963 virtus
856 940 975 982 neque
999 927 1167 962 inmunis
1191 939 1311 972 neque
1333 927 1500 972 superba,

179 987 274 1020 quae
305 976 418 1010 etiam
451 976 605 1020 populos
632 976 720 1009 unix
724 988 823 1010 eisos
853 976 948 1010 tueri
975 975 1101 1020 eisque
1128 978 1279 1020 optume
1310 975 1500 1009 consulere

180 1022 319 1064 soleat3
347 1023 445 1066 quod
462 1035 537 1057 non
555 1023 652 1057 facer
655 1027 690 1057 et
707 1024 880 1067 piofecto‚
900 1023 931 1057 si
948 1035 969 1057 a
987 1023 1139 1057 caritate
1157 1022 1258 1063 vulgi
1275 1021 1499 1057 abhorreret.

181 1070 238 1103 51.
263 1070 384 1114 Atque
413 1070 527 1104 etiam
554 1070 648 1103 mihi
676 1070 826 1114 quidem
856 1070 1037 1111 videntur,
1066 1069 1129 1114 qui
1155 1064 1363 1103 utilitatum
1388 1081 1500 1104 causa

179 1116 326 1160 fingunt
339 1117 532 1158 amicitias,
545 1117 855 1152 amabilissimum
872 1118 1012 1152 nodum
1030 1116 1214 1151 amicitiae
1226 1116 1365 1150 tollere.
1415 1117 1501 1151 Non

180 1164 282 1198 enim
312 1168 391 1198 tam
414 1164 557 1198 utilitas
581 1168 686 1208 paita
720 1176 782 1209 per
811 1164 974 1199 amicum
987 1157 1120 1217 &fiam
1153 1163 1265 1198 amici
1293 1175 1398 1197 amor
1422 1163 1502 1208 ipse

184 1211 352 1252 delectat,
371 1215 525 1256 tumque
555 1211 646 1245 iuud
662 1212 715 1252 fit,
735 1212 832 1256 quod
859 1211 904 1246 ab
926 1223 1045 1246 amlco
1064 1214 1119 1246 est
1135 1210 1380 1255 profectum,
1371 1222 1499 1245 100011-

180 1258 281 1298 dum,
301 1259 331 1292 si
361 1270 446 1292 cum
473 1259 593 1293 studio
612 1265 666 1293 est
695 1259 922 1303 pi;ofectum
949 1262 1171 1312 tantumque
1201 1257 1314 1299 abest,
1340 1261 1381 1292 ut
1407 1257 1498 1292 ami-

183 1305 291 1340 citiae
318 1309 467 1350 propter
489 1305 735 1359 indigentiam
761 1286 940 1347 colantui,
957 1309 999 1340 ut
1016 1305 1052 1346 11,
1072 1305 1135 1350 qui
1162 1305 1292 1350 opibus
1320 1308 1355 1339 et
1385 1305 1500 1350 copiis

178 1353 415 1397 maximeque
448 1353 596 1393 virtute,
608 1344 664 1392 (in
698 1365 770 1397 qua
802 1353 1006 1398 plurimum
1038 1356 1094 1387 est
1125 1338 1501 1405 praesidii,)minime

178 1400 330 1434 alterius
348 1400 550 1444 indigeant,
568 1399 818 1434 liberalissimi
845 1400 918 1434 sint
936 1404 972 1435 et
988 1399 1327 1434 beneficentissimi.
1376 1400 1499 1444 Atque

177 1446 269 1481 haut
288 1447 403 1481 sciam
421 1460 469 1481 an
486 1459 533 1481 ne
551 1459 641 1492 opus
660 1447 706 1481 sit
725 1447 875 1491 quidem
892 1447 986 1481 nihil
1003 1459 1184 1491 umquam
1201 1446 1353 1481 omnino
1372 1447 1498 1483 deesse

177 1494 318 1528 amicis.
370 1494 444 1529 Ubi
471 1494 571 1529 enim
597 1494 720 1528 studia
746 1498 873 1529 nostra
898 1494 1112 1539 viguissent,
1131 1494 1162 1528 si
1178 1506 1387 1538 numquam
1415 1505 1496 1529 con-

178 1541 271 1582 silio,
306 1553 515 1586 numquam
548 1553 659 1586 opera
692 1545 819 1576 nostra
851 1554 918 1576 nec
951 1541 1052 1576 domi
1084 1553 1152 1576 000
1185 1541 1341 1575 militiae
1377 1541 1498 1586 Scipio

177 1589 337 1632 eguisset
353 1592 369 1623 i>
420 1590 505 1623 Non
522 1588 634 1633 igitur
645 1589 846 1623 utilitatem
864 1588 1039 1630 amicitia,
1054 1589 1118 1623 sed
1134 1588 1276 1623 utilitas
1291 1588 1497 1624 amicitiam

175 1640 303 1670 secuta
321 1639 387 1670 est.

222 1684 303 1717 XV.
323 1686 378 1717 52.
397 1684 482 1717 Non
496 1695 580 1736 ergo
595 1686 703 1718 erunt
713 1683 884 1719 homines
896 1682 1035 1718 deliciis
1049 1682 1258 1717 diffluentes
1269 1682 1454 1724 audiendi,
1467 1682 1499 1718 si

178 1730 326 1774 quando
341 1731 384 1764 de
404 1730 579 1771 amicitia,
598 1743 711 1783 quam
725 1742 792 1765 nec
809 1742 880 1778 usu
897 1743 968 1769 000
981 1730 1125 1774 ratione
1142 1730 1280 1764 habent
1299 1729 1496 1774 cognitam,

178 1777 430 1823 disputabunt.
481 1778 580 1812 Nam
599 1777 680 1821 quis
699 1782 763 1818 est,
777 1790 841 1822 pro
857 1778 1010 1812 deorum
1015 1775 1136 1812 fidem
1153 1781 1264 1822 atque
1277 1777 1496 1812 hominum!

177 1824 241 1869 qui
266 1824 365 1865 velit,
383 1828 424 1859 ut
442 1836 561 1869 neque
579 1825 707 1869 diligat
720 1837 959 1878 quemquam
974 1837 1042 1859 1100
1059 1824 1137 1869 ipse
1155 1824 1200 1859 ab
1218 1824 1294 1858 11110
1312 1824 1510 1870 diligatur„

176 1851 432 1906 circumfluere
450 1871 622 1906 omnibus
634 1871 748 1917 copiis
760 1876 870 1916 atque
887 1871 928 1906 in
945 1871 1115 1907 omnium
1131 1884 1256 1906 rerum
1268 1868 1496 1906 abundantia

175 1918 298 1953 vivere
314 1921 330 1953 ἱ)
381 1919 486 1953 Η300
519 1918 620 1953 enim
653 1922 708 1953 est
741 1923 986 1963 tyrannorum
1014 1919 1091 1953 vita
1124 1919 1315 1959 nimirum,
1347 1919 1387 1952 in
1422 1931 1495 1963 qua

174 1966 277 2000 nulla
295 1966 319 1999 fi
349 1978 397 2006 es,
416 1966 519 2000 nulla
537 1966 682 2007 caritas,
709 1966 812 2000 nulla
829 1966 971 2001 stabilis
988 1966 1259 2001 benivolentiae
1276 1969 1397 2010 potest
1415 1977 1495 2001 esse

172 2012 319 2053 fiducia,
348 2013 475 2047 omnia
495 2025 653 2058 ³semper
686 2017 855 2058 suspecta
888 2017 998 2058 atque
1033 2014 1201 2054 sollicita,
1234 2014 1359 2047 nullus
1392 2013 1495 2048 10005

170 2060 395 2105 amicitiae,
420 2062 475 2094 53.
503 2060 592 2102 Quis
619 2060 719 2095 enim
749 2064 812 2095 aut
839 2072 925 2095 eum
952 2061 1091 2105 diligat,
1110 2059 1221 2105 quem
1249 2064 1404 2100 metuat,
1431 2063 1494 2095 aut

172 2118 270 2147 eum,
285 2119 306 2141 a
324 2119 395 2151 quo
414 2119 452 2142 se
469 2107 587 2142 metui
604 2111 709 2151 putet
722 2110 738 2142 ἱ)
789 2108 969 2142 Coluntur
986 2113 1114 2142 tamen
1133 2107 1369 2142 simulatione
1389 2107 1493 2142 dum-

170 2157 275 2189 taxat
305 2155 351 2188 ad
380 2158 562 2199 tempus.
589 2154 728 2197 Quodsi
754 2154 858 2195 forte,
883 2158 925 2190 ut
950 2155 993 2190 fit
1017 2155 1246 2200 plerumque,
1273 2154 1494 2196 ceciderunt,

170 2204 254 2236 tum
283 2201 519 2246 intellegitur,
538 2213 653 2247 quam
682 2201 820 2236 fuerint
849 2201 977 2247 inopes
1007 2202 1245 2245 amicorum.
1276 2202 1382 2244 Quod
1407 2202 1494 2236 Tar-

170 2248 342 2301 quinium
361 2249 495 2283 dixisse
509 2248 632 2283 ferunt
650 2249 873 2290 exulantem,
888 2253 970 2302 tum
988 2261 1026 2284 se
1039 2245 1274 2289 intellexisse,
1294 2260 1385 2293 quos
1402 2249 1496 2284 fidos

170 2295 313 2331 amicos
329 2296 530 2338 habuisset,
549 2307 640 2340 quos
666 2295 810 2349 infidos,
829 2309 915 2331 cum
932 2296 1008 2331 iam
1025 2296 1168 2331 neutris
1185 2296 1344 2340 gratiam
1360 2296 1495 2331 referre

169 2347 305 2387 posset.
355 2345 410 2378 54.
439 2323 675 2389 Quainquam
699 2343 824 2385 miror,
843 2344 908 2379 illa
926 2344 1097 2389 superbia
1115 2347 1150 2379 et
1168 2343 1437 2389 inportunitate
1463 2343 1495 2378 si
