1698 2662
252 211 302 249 18
677 216 829 245 CICERO
856 216 913 243 DE
942 214 1148 243 AMICITIA.

253 312 300 348 ad
327 314 364 346 te
392 310 435 344 de
465 311 663 347 senectute,
690 307 870 342 Catonem
894 305 1023 340 induxi
1049 315 1177 340 senem
1198 304 1460 350 disputantem,
1479 306 1568 351 quia

252 359 356 395 nulla
376 356 568 392 videbatur
597 354 715 398 aptior
742 365 910 398 persona,
938 364 1032 397 quae
1058 353 1102 386 de
1127 351 1190 386 illa
1209 355 1330 386 aetate
1347 353 1570 397 loqueretur,

254 417 366 452 quam
394 403 482 442 eius,
513 401 575 445 qui
600 406 635 435 et
662 401 867 435 diutissime
893 411 1003 434 senex
1020 398 1149 433 fuisset
1176 402 1211 433 et
1228 398 1268 432 in
1284 398 1364 443 ipsa
1382 404 1572 436 senectute

253 456 398 499 praeter
436 453 574 484 ceteros
612 447 804 488 floruisset,
839 447 901 486 sic,
931 458 1016 481 cum
1050 445 1318 490 accepissemus
1351 458 1372 480 a
1404 447 1571 491 patribus

255 499 417 535 maxime
444 494 723 529 memorabilem
754 495 793 528 C.
820 493 924 527 Laeli
951 497 986 528 et
1011 494 1051 526 P.
1079 492 1259 537 Scipionis
1277 493 1569 529 familiaritatem

255 547 378 585 fuisse,
396 544 527 577 idonea
544 541 637 575 mihi
665 541 768 575 Laeli
792 552 948 584 persona
972 539 1052 574 visa
1077 543 1142 580 est,
1165 551 1258 584 quae
1276 540 1320 574 de
1337 540 1501 575 amicitia
1526 553 1571 576 ea

256 595 335 638 ipsa
369 590 573 629 dissereret,
608 599 700 632 quae
743 587 929 632 disputata
962 586 1007 621 ab
1041 598 1082 621 eo
1120 586 1352 621 meminisset
1383 588 1570 623 Scaevola.

257 642 384 675 Genus
412 640 537 671 autem
566 635 634 669 hoc
666 646 879 669 sermonim]
911 633 1074 678 positum
1102 633 1141 667 in
1173 633 1369 668 hominum
1401 638 1570 670 veterum

258 684 485 723 auctoritate,
504 687 539 717 et
558 694 685 716 eorum
710 681 934 721 inlustrium,
957 681 1041 725 plus
1064 680 1188 715 nescio
1213 693 1284 725 quo
1301 685 1409 725 pacto
1425 681 1572 717 videtur

257 733 392 769 habere
410 729 621 774 gravitatis3
649 729 772 773 itaque
796 728 874 772 ipse
890 739 974 762 mea
991 728 1115 772 legens
1134 728 1184 762 sic
1203 728 1353 763 adficior
1370 728 1570 770 interdum,

257 784 299 815 ut
318 780 497 814 Catonem
514 788 587 810 non
604 788 664 810 me
682 775 782 820 loqui
800 774 1018 809 existimem.
1069 777 1100 809 5.
1128 775 1200 809 Sed
1215 778 1257 809 ut
1273 779 1355 810 tum
1372 776 1419 810 ad
1444 787 1573 811 senem

260 838 371 863 senex
389 826 432 859 de
451 828 648 863 senectute,
667 823 718 857 sic
735 823 803 857 1100
821 821 913 856 libro
931 822 978 856 ad
995 821 1158 856 amicum
1175 822 1424 857 amicissimus
1442 823 1572 867 scripsi

261 876 305 909 de
323 872 496 908 amicitia.
546 872 641 903 Tum
660 874 714 904 est
733 871 823 904 Cato
847 869 1002 909 loeutus,
1028 881 1099 913 quo
1125 872 1202 904 erat
1226 881 1336 904 nemo
1354 870 1428 904 fere
1453 870 1576 904 senior

262 919 488 965 temporibus
506 918 589 957 illis,
606 929 715 951 nemo
740 916 976 961 prudentior;
1001 928 1100 950 nunc
1125 916 1274 951 Laelius
1292 921 1327 951 et
1345 917 1490 961 sapiens
1510 916 1577 961 (sic

264 968 364 1003 enim
383 970 436 1001 est
454 965 614 1007 habitus)
635 968 670 998 et
688 963 872 998 amicitiae
885 963 1000 1007 gloria
1017 963 1197 997 excellens
1211 964 1254 998 de
1272 964 1436 998 amicitia
1451 965 1575 1008 loque-

263 1020 335 1051 tur.
384 1014 440 1047 Tu
457 1012 568 1047 veliin
587 1024 607 1045 a
625 1023 684 1045 me
702 1011 870 1045 animum
895 1021 1091 1055 parumper
1110 1014 1265 1051 avertas,
1282 1011 1453 1046 Laelium
1475 1011 1578 1056 loqui

265 1063 388 1107 ipsum
416 1064 532 1105 putes.
583 1060 621 1092 C.
652 1058 817 1092 Fannius
845 1060 880 1091 et
911 1058 952 1099 Q.
982 1057 1128 1091 Mucius
1158 1058 1205 1092 ad
1230 1070 1397 1092 socerum
1422 1058 1580 1093 veniunt

265 1112 348 1155 post
365 1112 523 1142 mortem
542 1105 727 1146 Africani3
754 1105 799 1139 ab
824 1104 883 1138 his
909 1116 1028 1139 sermo
1053 1104 1179 1145 oritur,
1204 1106 1401 1149 respondet
1418 1105 1578 1145 Laelius,

267 1156 371 1191 euius
388 1158 465 1188 tota
492 1153 690 1197 disputatio
717 1156 771 1186 est
797 1152 841 1186 de
867 1151 1042 1192 amicitia,
1068 1163 1182 1196 quam
1206 1152 1331 1196 legens
1348 1156 1384 1187 te
1402 1152 1480 1197 ipse
1498 1163 1579 1197 cog-

266 1214 405 1238 nosces.

316 1251 370 1284 ΙΙ.
395 1251 427 1282 6.
454 1249 635 1281 ῈΛΝΝΙΗΞ.
663 1246 755 1281 Sunt
784 1246 866 1287 ista,
893 1245 1018 1287 Laeli;
1045 1257 1113 1280 nec
1144 1245 1244 1280 enim
1272 1245 1403 1280 melior
1431 1245 1488 1281 vir
1511 1245 1585 1280 fuit

269 1297 441 1332 Africano
459 1294 654 1338 quisquam
672 1306 738 1328 nec
764 1294 904 1328 clarior.
956 1293 1027 1328 Sed
1052 1293 1262 1328 existimare
1287 1293 1397 1328 debes
1414 1293 1585 1328 omnium

272 1344 396 1379 oculos
412 1343 451 1375 in
468 1346 504 1375 te
523 1353 600 1375 esse
619 1342 801 1375 coniectos
825 1350 964 1381 111111111;
991 1344 1027 1374 te
1053 1340 1258 1384 sapientem
1283 1344 1319 1375 et
1337 1341 1523 1385 appellant
1548 1342 1586 1374 et

272 1390 494 1426 existimant.
530 1388 772 1422 Tribuebatur
782 1388 850 1422 hoc
861 1388 971 1422 modo
989 1388 1040 1421 M.
1059 1387 1201 1428 Catoni,
1220 1387 1356 1422 scimus
1370 1389 1412 1421 L.
1424 1387 1586 1422 Acilium

275 1438 372 1482 apud
388 1440 510 1481 patres
527 1439 671 1469 nostros
689 1435 913 1480 appellatum
932 1446 1010 1469 esse
1028 1434 1243 1479 sapientem,
1262 1435 1326 1469 sed
1341 1438 1497 1479 uterque
1514 1433 1588 1468 alio

275 1485 435 1530 quodam
453 1483 573 1521 modo,
592 1482 739 1523 Acilius,
758 1482 843 1526 quia
855 1481 1015 1526 prudens
1027 1493 1105 1516 esse
1116 1481 1155 1515 in
1172 1481 1250 1516 iure
1263 1481 1361 1516 civili
1377 1482 1588 1526 putabatur,

277 1534 379 1572 Cato,
407 1531 492 1579 quia
520 1530 723 1563 multarum
751 1541 876 1563 rerum
904 1541 1014 1563 usum
1040 1528 1223 1570 habebat;
1249 1529 1368 1563 multa
1385 1529 1464 1563 eius
1489 1533 1525 1563 et
1549 1528 1590 1562 in

279 1582 409 1614 senatu
427 1580 462 1611 et
492 1577 529 1610 in
559 1578 635 1610 foro
661 1577 718 1610 vel
744 1576 888 1621 provisa
905 1576 1104 1621 prudenter
1120 1576 1180 1610 vel
1196 1579 1278 1611 acta
1295 1579 1507 1611 constanter
1531 1575 1591 1609 vel

278 1637 452 1670 responsa
470 1628 574 1658 acute
593 1624 822 1664 serel›antur;
848 1628 1040 1668 propterea
1054 1623 1159 1667 quasi
1172 1635 1377 1667 cognomen
1387 1623 1463 1657 iam
1479 1622 1591 1657 habe-

278 1673 341 1708 bat
358 1672 397 1706 in
423 1675 610 1706 senectute
637 1671 922 1716 sapientisilfflTe
949 1673 1073 1705 autem
1099 1670 1170 1704 alio
1196 1671 1356 1714 quodam
1380 1670 1492 1704 modo
1516 1680 1593 1704 non

281 1720 399 1755 solum
417 1723 550 1752 natura
568 1722 603 1752 et
628 1717 802 1758 moribus,
828 1729 957 1752 verum
983 1717 1096 1752 etiam
1123 1718 1243 1752 studio
1269 1721 1305 1752 et
1330 1717 1497 1752 doctrina
1515 1727 1596 1751 esse

282 1766 497 1811 sapientem,
531 1777 597 1799 nec
632 1765 724 1799 sicut
758 1765 900 1808 vulgus,
935 1764 998 1799 sed
1022 1767 1064 1799 ut
1094 1765 1228 1799 eruditi
1260 1764 1388 1800 solent.
1411 1764 1596 1809 appellare

285 1813 502 1858 sapientem,
533 1812 679 1855 qualem
707 1812 745 1845 in
772 1812 913 1856 reliqua
942 1811 1098 1846 Graecia
1124 1811 1314 1846 neminem
1332 1810 1382 1858 [7]
1412 1813 1513 1855 (nam
1533 1809 1597 1855 qui

284 1864 424 1905 septem
444 1860 684 1903 appellantur,
704 1871 775 1899 eos,
795 1859 857 1903 qui
882 1859 954 1894 ista
979 1858 1150 1893 subtilius
1176 1862 1368 1903 quaerunt,
1385 1858 1425 1892 in
1441 1868 1599 1892 numero

285 1907 507 1952 sapientium
520 1919 592 1939 non
606 1906 769 1947 habent),
780 1906 936 1940 Athenis
948 1917 1066 1940 unum
1077 1906 1295 1950 accepimus,
1308 1909 1344 1940 et
1355 1917 1441 1940 eum
1450 1904 1601 1950 quidem

286 1955 399 1989 etiam
416 1953 597 1997 Apollinis
615 1954 761 1987 oraculo
780 1953 1095 1998 sapientissimum
1112 1953 1317 1987 iudicatum
1332 1965 1340 1993 ;
1365 1953 1461 1987 hanc
1473 1950 1603 1986 essein

285 2006 322 2037 te
341 2001 561 2045 sapientiam
580 2000 815 2042 existumant,
841 2004 883 2034 ut
908 2000 1033 2034 omnia
1058 2003 1123 2034 tua
1140 2000 1179 2034 in
1204 2004 1240 2035 te
1256 2000 1377 2045 posita
1394 2011 1473 2034 esse
1491 1999 1606 2033 ducas

286 2049 540 2091 humanosque
559 2059 664 2081 casus
682 2047 816 2081 virtute
841 2047 1031 2083 inferiores
1047 2051 1165 2092 putes.
1206 2048 1338 2092 Itaque
1356 2058 1400 2081 ex
1415 2058 1478 2080 me
1495 2055 1603 2090 quae-

286 2099 384 2136 runt,
402 2095 508 2129 eredo
527 2106 569 2128 ex
588 2095 654 2127 hoe
670 2094 759 2128 item
774 2095 958 2135 Scaevola,
974 2106 1135 2139 quonam
1148 2097 1255 2139 pacto
1265 2097 1425 2129 mortem
1442 2091 1606 2127 Africani

288 2143 394 2183 feras,
413 2153 526 2185 eoque
544 2141 673 2182 magis,
692 2141 788 2185 quod
806 2141 982 2185 proximis
1000 2141 1117 2176 Nonis
1135 2153 1221 2176 cum
1237 2141 1277 2176 in
1293 2141 1419 2176 hortos
1435 2141 1482 2174 D.
1496 2138 1605 2174 Bruti

289 2189 436 2231 auguris
464 2188 739 2222 commentandi
769 2200 890 2229 eausa,
919 2192 961 2222 ut
988 2189 1139 2229 adsolet,
1173 2188 1414 2228 venissemus,
1447 2190 1489 2222 tu
1527 2196 1605 2220 non

289 2236 449 2275 adfuisti,
470 2235 531 2279 qui
558 2234 837 2277 diligentissime
863 2247 1007 2280 semper
1032 2235 1139 2270 illum
1165 2236 1263 2270 diem
1291 2238 1326 2270 et
1350 2234 1443 2269 illud
1466 2242 1606 2268 munus

289 2283 417 2318 solitus
435 2294 532 2316 esses
550 2282 659 2315 obire.

335 2332 367 2364 8.
395 2331 598 2364 5011110111.
618 2331 805 2370 Quaerunt
819 2329 978 2374 quidem,
992 2330 1030 2364 C.
1044 2329 1158 2370 Laeli,
1171 2329 1292 2370 multi,
1303 2332 1344 2364 ut
1356 2331 1411 2363 est
1425 2325 1605 2363 aFannio

290 2377 440 2417 dictum,
459 2377 522 2411 sed
540 2388 604 2420 ego
622 2376 660 2410 id
676 2377 888 2421 respondeo,
904 2377 1001 2422 quod
1018 2377 1186 2412 animum
1203 2375 1356 2418 adverti,
1373 2379 1411 2411 te
1428 2374 1606 2416 dolorem,
