1708 2642
154 137 205 174 38
575 145 727 174 CICERO
755 145 811 172 DE
840 145 1045 172 AMICITIA.

159 235 344 272 amicitiae
362 239 398 271 et
416 236 575 270 alterum
591 235 704 270 libere
721 235 851 276 facere,
864 247 940 269 non
957 246 1094 280 aspere,
1113 235 1272 270 alterum
1289 236 1472 281 patienter

160 284 334 328 accipere,
352 296 427 317 non
445 287 702 327 repugnanter,
718 283 769 318 sic
786 283 999 317 habendum
1014 286 1069 316 est
1082 283 1225 316 nullam
1242 283 1281 316 in
1298 284 1473 319 amicitiis

158 335 301 376 pestem
320 342 397 365 esse
417 331 597 365 maiorem
625 342 738 375 quam
765 330 1027 370 adulationem,
1044 329 1278 371 blanditiam,
1304 331 1473 366 adsenta-

159 378 300 413 tionem
316 388 324 419 ;
352 377 522 421 quamvis
540 377 639 411 enim
655 377 784 411 multis
802 376 1015 411 nominibus
1033 380 1088 410 est
1105 376 1173 410 hoc
1191 377 1324 411 vitium
1342 381 1471 412 notan·

160 425 250 460 dum
260 424 398 459 levium
412 424 606 458 hominum
620 428 729 468 atque
741 424 929 458 fallacium
941 424 988 457 ad
998 423 1228 457 voluntatem
1241 424 1474 468 loquentium

161 471 298 512 omnia,
326 471 419 505 nihil
448 472 495 505 ad
523 472 729 505 veritatem.
777 473 834 505 92.
861 471 956 505 Cum
990 475 1115 504 autem
1148 470 1317 505 omnium
1348 483 1475 507 rerum

162 518 349 554 simulatio
367 518 500 553 vitiosa
518 522 572 552 est
602 518 710 561 (tollit
729 518 829 552 enim
845 517 1024 552 iudicium
1042 517 1118 551 veri
1135 517 1244 561 idque
1263 518 1474 562 adulterat),

160 569 243 601 tum
255 565 439 599 amicitiae
451 572 630 610 repugnat
646 565 830 606 maxime3
858 565 953 599 delet
972 564 1072 599 enim
1085 565 1291 605 veritatem,
1306 565 1384 599 sine
1402 577 1478 610 qua.

159 624 297 647 nomen
322 612 506 647 amicitiae
524 613 645 646 valere
662 624 737 646 non
753 615 884 657 potest.
934 613 1031 646 Nam
1049 624 1134 646 cum
1152 612 1337 647 amicitiae
1353 612 1409 647 vis
1428 613 1476 648 sit

160 660 200 694 in
218 672 271 700 eo,
286 663 327 694 ut
343 672 441 694 unus
459 659 564 703 quasi
581 659 729 694 animus
754 659 820 693 fiat
839 671 881 693 ex
898 659 1075 703 pluribus,
1098 659 1160 703 qui
1177 659 1215 692 id
1232 659 1312 693 fieri
1328 660 1476 704 poterit,

161 707 192 741 si
209 719 256 741 ne
273 707 312 740 in
328 719 403 741 uno
421 707 571 751 quidem
589 717 732 751 quoque
760 718 857 740 unus
881 706 1027 740 animus
1045 706 1113 740 erit
1130 706 1302 751 idemque
1320 718 1476 751 semper,

161 754 225 790 sed
258 753 392 794 varius,
426 754 710 794 commutabilis,
739 753 933 797 multiplex
946 755 962 788 i>
1012 755 1068 787 93.
1095 753 1191 795 Quid
1223 754 1324 788 enim
1356 757 1480 798 potest

161 813 240 836 esse
257 804 336 835 tam
354 801 522 841 flexibile,
534 804 613 835 tam
631 800 780 834 devium
795 811 907 844 quam
921 800 1068 834 animus
1079 800 1168 841 eius,
1183 800 1246 844 qui
1263 801 1310 835 ad
1327 801 1479 835 alterius

159 860 235 883 non
252 849 362 882 modo
377 860 526 882 sensum
545 860 586 882 ac
598 848 839 888 voluntatem,
853 847 916 882 sed
927 847 1040 882 etiam
1052 847 1197 882 vultum
1215 852 1325 893 atque
1342 852 1479 883 nutum

162 895 417 931 convertitur?

210 960 355 1013 Negat
397 959 507 1005 quis,
548 970 678 1003 nego3
728 958 802 1000 ait,
845 958 936 1001 ai03
986 963 1214 1004 postremo
1255 958 1481 1005 imperavi

222 1044 238 1052 2
291 1006 617 1051 egometmihi

210 1054 367 1089 Omnia
393 1053 640 1095 adsentari,

162 1131 205 1167 ut
222 1127 274 1162 ait
291 1127 390 1162 idem
408 1126 613 1167 Terentius,
632 1127 695 1161 sed
712 1126 772 1160 ille
790 1125 829 1160 in
847 1125 1057 1161 Gnathonis
1073 1138 1240 1171 persona,
1253 1127 1351 1171 quod
1369 1125 1480 1161 amici

164 1186 281 1220 genus
314 1174 486 1209 adhibere
514 1174 665 1208 omnino
697 1173 859 1208 levitatis
889 1177 954 1207 est.
1004 1175 1060 1208 94.
1088 1174 1198 1208 Multi
1225 1178 1351 1208 autem
1381 1175 1481 1208 Gna-

164 1222 323 1258 thonum
349 1222 488 1256 similes
506 1234 590 1256 cum
609 1221 683 1255 sint
699 1221 790 1262 loco,
808 1221 967 1261 fortuna,
985 1221 1086 1255 fama
1112 1221 1327 1266 superiores,
1344 1221 1480 1255 horum

166 1273 222 1304 est
249 1269 455 1303 adsentatio
484 1269 651 1309 molesta,
682 1280 767 1302 cum
794 1268 841 1302 ad
858 1267 1063 1302 vanitatem
1091 1268 1243 1303 accessit
1270 1268 1483 1303 auctoritas.

166 1318 223 1351 95.
252 1316 399 1352 Secerni
432 1320 559 1350 autem
591 1315 749 1349 blandus
782 1314 923 1349 amicus
957 1327 978 1349 a
1004 1327 1090 1349 vero
1118 1320 1153 1350 et
1177 1315 1377 1350 internosci
1401 1318 1482 1350 tam

165 1367 286 1409 potest
305 1363 469 1397 adhibita
487 1362 676 1406 diligentia
694 1374 806 1407 quam
825 1362 950 1396 omnia
975 1362 1098 1397 fucata
1116 1366 1151 1397 et
1170 1362 1344 1397 simulata
1362 1374 1383 1396 a
1409 1362 1481 1397 sin-

166 1410 259 1445 ceris
278 1414 387 1455 atque
401 1410 525 1444 veris!
557 1409 700 1450 Contio,
715 1421 808 1454 quae
823 1421 866 1443 ex
882 1409 1170 1453 imperitissimis
1182 1413 1336 1451 constat,
1354 1413 1483 1444 tamen

165 1457 329 1492 iudicare
347 1458 449 1498 solet,
464 1457 551 1501 quid
568 1457 713 1492 intersit
730 1457 826 1491 inter
841 1457 1066 1501 popularem,
1081 1457 1119 1491 id
1136 1460 1190 1491 est
1207 1457 1483 1492 adsentatorem

169 1508 206 1540 et
236 1505 357 1539 levem
391 1505 520 1544 civem,
555 1508 590 1538 et
623 1504 720 1539 inter
753 1507 997 1545 constantem,
1040 1515 1209 1548 seyerum
1242 1508 1278 1539 et
1319 1515 1484 1548 gravem.

167 1554 225 1587 96.
252 1552 392 1594 Quibus
418 1551 606 1586 blanditiis
632 1552 671 1586 C.
690 1551 858 1596 Papirius
883 1559 1000 1595 nuper
1021 1551 1200 1586 influebat
1216 1551 1255 1585 in
1273 1551 1372 1586 auris
1398 1562 1482 1585 con-

167 1599 290 1640 tionis,
309 1611 394 1634 eum
412 1600 521 1633 ferret
537 1599 657 1642 legem
675 1599 719 1633 de
736 1598 894 1633 tribunis
910 1598 1026 1643 plebis
1050 1598 1257 1633 reficiendis
1273 1599 1280 1633 !
1330 1598 1484 1633 Dissua-

170 1646 288 1682 simus
320 1657 410 1687 n0s;
439 1647 501 1680 sed
534 1646 628 1680 nihil
664 1646 708 1680 de
742 1657 814 1686 me,
849 1646 893 1680 de
929 1645 1096 1690 Scipione
1130 1645 1251 1680 dicam
1284 1645 1483 1680 lubentius.

171 1694 319 1736 Quanta
353 1694 427 1734 illa,
456 1694 491 1727 di
524 1693 751 1734 inmortales,
779 1692 848 1727 fuit
881 1693 1053 1736 gravitas,
1081 1696 1220 1737 quanta
1252 1692 1292 1727 in
1318 1693 1484 1727 oratione

169 1741 367 1775 maiestas!
394 1744 435 1775 ut
453 1740 558 1775 facile
577 1741 708 1775 ducem
725 1740 851 1785 populi
868 1740 1039 1781 Romani,
1053 1752 1128 1774 non
1141 1740 1316 1774 comitem
1334 1739 1486 1774 diceres.

171 1788 244 1824 Sed
274 1788 452 1828 adfuistis,
471 1791 506 1822 et
525 1791 579 1822 est
608 1787 647 1821 in
673 1787 846 1822 manibus
873 1787 1001 1821 oratio.
1050 1788 1183 1831 Itaque
1211 1788 1270 1821 lex
1298 1787 1486 1832 popularis

170 1835 354 1879 suffragiis
383 1835 507 1880 populi
534 1835 726 1879 repudiata
753 1838 819 1869 est.
868 1835 1000 1879 Atque,
1017 1837 1059 1869 ut
1077 1835 1123 1868 ad
1151 1846 1212 1869 me
1229 1834 1390 1875 redeam,
1407 1845 1485 1868 me-

169 1882 342 1923 ministis,
361 1882 402 1924 Q.
422 1883 610 1923 Maxumo,
628 1882 740 1916 fratre
760 1881 950 1926 Scipionis,
966 1885 1002 1916 et
1019 1882 1061 1915 L.
1081 1881 1256 1916 Mancino
1274 1881 1487 1916 consulibus

170 1941 283 1974 quam
310 1929 496 1974 popularis
523 1930 581 1963 lex
610 1930 653 1963 de
681 1928 894 1964 sacerdotiis
922 1929 961 1963 G.
991 1928 1112 1963 Licini
1130 1929 1253 1963 Crassi
1270 1928 1484 1963 videbatur!

170 1977 353 2021 cooptatio
368 1977 468 2010 enim
482 1976 719 2019 collegiorum
737 1976 783 2010 ad
799 1975 925 2020 populi
936 1976 1157 2010 beneficium
1174 1975 1485 2017 transferebatur;

169 2027 280 2068 atque
307 2024 338 2057 is
364 2024 506 2068 primus
535 2023 697 2058 instituit
721 2023 760 2057 in
787 2024 908 2058 forum
933 2035 1061 2057 versus
1088 2035 1194 2067 agere
1227 2035 1312 2058 eum
1340 2022 1487 2068 populo.

168 2071 312 2105 Tamen
329 2071 429 2105 illius
447 2070 671 2105 vendibilem
688 2070 894 2105 orationem
910 2070 1037 2114 religio
1056 2070 1210 2105 deorum
1227 2070 1485 2104 inmortalium

169 2118 274 2153 nobis
287 2118 567 2152 defendentibus
578 2118 683 2152 facile
696 2117 876 2152 vincebat.
926 2118 1046 2162 Atque
1060 2117 1097 2151 id
1115 2122 1240 2152 actum
1252 2121 1306 2152 est
1319 2120 1487 2162 praetore

168 2176 229 2199 me
258 2165 510 2209 quinquennio
536 2168 632 2206 ante,
651 2176 763 2209 quam
789 2164 917 2199 consul
948 2176 1030 2199 sum
1060 2165 1202 2207 factus;
1229 2164 1282 2199 ita
1302 2176 1342 2199 re
1364 2163 1485 2208 magis

169 2223 281 2256 quam
300 2224 447 2246 summa
465 2212 683 2246 auctoritate
701 2223 811 2246 causa
828 2212 892 2246 illa
910 2212 1058 2247 defensa
1076 2215 1141 2246 est.

216 2260 354 2294 XXVI.
380 2262 436 2294 97.
463 2259 626 2301 Quodsi
616 2271 656 2293 m
674 2270 817 2299 scaena,
834 2259 872 2293 id
890 2262 945 2293 est
969 2271 1009 2292 in
1034 2258 1242 2300 contione,'
1231 2271 1270 2293 m
1288 2270 1360 2304 qua
1376 2257 1487 2292 rebus

168 2304 265 2341 fictis
294 2310 330 2341 et
356 2306 584 2341 adumbratis
608 2306 679 2341 loci
703 2306 908 2352 plurimum
933 2309 999 2347 est,
1024 2309 1151 2341 tamen
1175 2318 1305 2341 verum
1327 2305 1436 2346 valet,
1455 2303 1487 2340 si
