1698 2662
471 507 536 553 M.
579 505 770 553 TULLI
816 503 1148 554 CICERONIS

284 621 424 684 DE
471 619 950 684 AMIOETIA
996 618 1321 681 LIBER

365 754 443 796 AD
487 754 533 796 Τ.
576 753 929 797 POMPONIUM
970 752 1246 795 ATTICUM.

217 1015 249 1049 Ι.
276 1016 293 1057 §
315 1015 346 1048 1.
372 1014 413 1056 Q.
441 1013 589 1048 Mucius
614 1025 730 1057 augur
754 1014 874 1048 multa
899 1024 1048 1047 narrare
1075 1013 1118 1047 de
1137 1013 1176 1048 C.
1195 1013 1322 1049 Laelio
1341 1025 1466 1050 socero

145 1073 211 1097 suo
228 1061 443 1096 memoriter
472 1065 507 1095 et
536 1061 695 1095 iucunde
725 1060 865 1096 solebat
890 1072 958 1095 nec
988 1060 1155 1095 dubitare
1182 1060 1288 1095 illum
1306 1061 1345 1095 in
1363 1062 1466 1097 omni

145 1121 314 1144 sermone
331 1109 514 1153 appellare
540 1108 746 1153 sapientem
761 1119 769 1150 ;
786 1113 861 1151 'ego
887 1112 1013 1142 autem
1038 1120 1059 1142 a
1084 1111 1189 1152 patre
1206 1108 1258 1142 ita
1276 1120 1379 1143 eram
1405 1110 1465 1144 de-

145 1157 277 1191 ductus
306 1157 352 1190 ad
383 1156 598 1190 Scaevolam
625 1159 774 1200 sumpta
796 1155 894 1190 virili
920 1159 1016 1199 toga,
1044 1159 1086 1189 ut
1112 1156 1232 1200 quoad
1255 1167 1403 1200 possem
1429 1160 1465 1192 et

142 1204 279 1245 liceret,
297 1216 319 1238 a
337 1203 434 1238 senis
451 1203 565 1238 latere
582 1214 789 1247 numquam
803 1202 1029 1237 discederem
1044 1213 1052 1244 ;
1078 1202 1203 1247 itaque
1220 1203 1340 1238 multa
1357 1204 1403 1238 ab
1422 1216 1464 1239 eo

142 1252 341 1296 prudenter
359 1250 556 1295 disputata,
573 1251 694 1285 multa
711 1250 825 1285 etiam
835 1250 994 1284 breviter
1006 1254 1041 1284 et
1059 1250 1252 1284 commode
1271 1250 1368 1285 dicta
1385 1263 1461 1286 1110-

141 1298 282 1333 moriae
308 1297 535 1333 mandabam
548 1297 656 1344 fieri(
668 1309 715 1332 ue
748 1297 942 1335 studebam
972 1297 1050 1331 eius
1107 1297 1278 1332 rudentia
1311 1298 1462 1334 doctior.

142 1346 222 1388 Quo
239 1350 386 1380 mortuo
403 1357 464 1379 me
482 1345 529 1379 ad
553 1309 1461 1390 pfflfffimffiffiffiffiffifihuffi

140 1397 289 1428 nostrae
316 1392 478 1427 civitatis
506 1396 542 1427 et
566 1392 715 1436 ingenio
741 1395 777 1426 et
801 1391 944 1426 iustitia
960 1392 1325 1436 praestantissimum
1342 1394 1460 1429 audeo

142 1440 273 1475 dicere.
324 1440 396 1475 Sed
413 1440 456 1474 de
474 1440 543 1474 hoc
561 1440 652 1474 alias
668 1450 676 1481 ;
702 1451 801 1474 nunc
818 1439 927 1485 redeo
945 1439 992 1473 ad
1010 1451 1200 1483 augurem.

187 1490 220 1522 2.
247 1488 341 1522 Cum
369 1499 476 1532 saepe
504 1487 636 1528 multa,
665 1490 747 1525 tum
775 1486 932 1520 memini
958 1486 1059 1521 domi
1087 1487 1127 1520 in
1155 1486 1376 1532 hemicyclio
1405 1499 1458 1523 se-

139 1534 301 1576 dentem,
329 1538 371 1569 ut
401 1534 552 1576 solebat,
582 1546 668 1569 cum
697 1537 732 1568 et
760 1545 825 1578 ego
843 1545 962 1568 essem
986 1545 1061 1567 una
1079 1537 1114 1568 et
1131 1534 1239 1578 pauci
1256 1535 1459 1570 admodum

138 1581 351 1623 familiares,
387 1582 427 1616 in
464 1593 550 1616 eum
580 1593 789 1616 sermonem
815 1581 923 1615 11111111
949 1580 1121 1622 incidere,
1154 1581 1218 1626 qui
1250 1585 1332 1616 tum
1364 1582 1458 1618 forte

136 1629 267 1664 multis
285 1633 362 1664 erat
379 1629 419 1663 in
437 1641 509 1664 ore.
533 1628 754 1668 ,Meministi
765 1628 866 1662 enim
881 1628 1054 1673 profecto,
1072 1628 1203 1670 Attice,
1223 1633 1258 1664 et
1272 1641 1314 1664 eo
1325 1630 1457 1674 magis,

138 1677 237 1720 quod
254 1677 294 1711 P.
314 1676 475 1721 Sulpicio
500 1676 652 1711 utebare
676 1676 851 1717 multum,
877 1687 962 1710 cum
987 1675 1020 1710 is
1046 1675 1215 1710 tribunus
1240 1677 1289 1721 pl.
1307 1677 1457 1722 capitali

137 1723 221 1758 odio
239 1736 261 1758 a
279 1724 320 1766 Q.
338 1723 525 1768 Pompeio,
543 1723 607 1768 qui
623 1727 705 1758 tum
722 1726 800 1758 erat
817 1723 955 1763 consul,
973 1722 1176 1764 dissideret,
1195 1736 1355 1768 quocum
1373 1736 1454 1759 con-

136 1770 368 1805 iunctissime
398 1775 434 1806 et
463 1770 720 1805 amantissime
744 1772 896 1811 vixerat,
915 1774 1054 1814 quanta
1071 1774 1167 1805 esset
1183 1771 1380 1806 hominum
1398 1773 1457 1807 vel

136 1818 334 1853 admiratio
363 1819 422 1852 vel
451 1818 624 1862 querella.
673 1820 706 1852 3.
731 1818 864 1862 Itaque
892 1821 974 1852 tum
1003 1818 1178 1852 Scaevola
1203 1830 1289 1852 cum
1307 1819 1346 1853 in
1370 1831 1454 1854 eam

134 1864 256 1910 ipsam
273 1865 503 1900 mentionem
519 1865 720 1906 incidisset,
747 1864 914 1909 exposuit
938 1864 1044 1899 nobis
1061 1877 1271 1900 sermonem
1288 1866 1394 1901 Laeli
1411 1867 1456 1901 de

135 1912 301 1947 amicitia
317 1912 488 1947 habitum
506 1912 551 1946 ab
568 1912 631 1947 illo
649 1924 775 1947 secum
800 1915 836 1946 et
853 1923 939 1946 cum
957 1912 1071 1947 altero
1088 1924 1233 1956 genero,
1252 1914 1291 1948 O.
1310 1914 1455 1949 Fannio

135 1959 254 1994 Marci
270 1960 357 2000 filio,
375 1959 501 2004 paucis
519 1959 647 1994 diebus
670 1963 753 2004 post
777 1962 938 1994 mortem
955 1959 1129 1994 Africani.
1179 1960 1272 1995 Eius
1291 1960 1451 2005 disputa-

133 2006 246 2041 tionis
273 2006 477 2041 sententias
509 2006 712 2041 memoriae
743 2007 930 2047 mandavi,
959 2018 1050 2051 quas
1076 2007 1145 2042 hoc
1174 2007 1268 2042 libro
1302 2008 1453 2053 exposui

132 2053 315 2088 arbitratu
326 2066 410 2088 meo
424 2064 432 2095 ;
451 2053 558 2098 quasi
569 2053 669 2088 enim
682 2053 780 2098 ipsos
791 2053 919 2088 induxi
932 2054 1135 2098 loquentes,
1154 2066 1200 2088 ne
1219 2059 1226 2073 ‘
1242 2055 1427 2100 inquam
1441 2059 1448 2071 ’

132 2103 170 2135 et
187 2101 378 2146 ‘inquit’
399 2101 544 2145 saepius
568 2101 872 2146 interponeretur,
898 2106 1009 2146 atque
1033 2104 1074 2136 ut
1100 2105 1293 2146 tamquam
1312 2114 1333 2137 a
1349 2114 1450 2148 prae·

130 2148 297 2183 sentibus
314 2160 439 2183 coram
455 2148 584 2182 haberi
600 2148 797 2183 videretur.

177 2197 212 2230 4.
238 2196 333 2230 Cum
351 2195 452 2230 enim
478 2207 585 2241 saepe
609 2207 759 2230 mecum
783 2206 920 2240 ageres,
937 2199 979 2230 ut
1007 2196 1050 2230 de
1069 2195 1234 2230 amicitia
1252 2196 1450 2232 scriberem

130 2242 281 2287 aliquid,
312 2243 422 2287 digna
450 2242 545 2276 mihi
572 2254 631 2277 res
659 2254 745 2278 cum
772 2243 942 2277 omnium
971 2243 1190 2287 cognitione,
1217 2246 1299 2278 tum
1323 2248 1450 2279 nostra

129 2289 383 2325 familiaritate
413 2290 493 2325 visa
520 2293 587 2325 est.
636 2290 770 2335 Itaque
793 2290 863 2325 feci
891 2302 967 2325 non
993 2290 1143 2332 invitus,
1168 2294 1210 2325 ut
1235 2291 1449 2336 prodessem

128 2337 259 2372 multis
285 2340 418 2382 rogatu
446 2341 521 2373 tuo.
573 2338 646 2373 Sed
669 2341 711 2373 ut
734 2337 775 2371 in
799 2338 940 2373 Catone
966 2337 1118 2380 Maiore,
1137 2337 1200 2383 qui
1217 2342 1272 2374 est
1290 2338 1448 2384 scriptus

815 2394 840 2419 B
