1708 2642
185 172 236 209 24
611 179 763 207 CICERO
791 179 848 206 DE
876 178 1081 206 AMICITIA.

185 271 258 307 ab
248 271 294 307 115
310 271 561 317 percipiuntur
586 283 704 324 saepe,
723 271 785 316 (1111
813 270 1050 306 simulatione
1075 269 1260 304 amicitiae
1286 270 1455 305 coluntur
1471 275 1508 307 et

186 320 427 354 observantur
444 318 621 363 temporis
646 330 767 358 causa,
785 318 825 352 in
849 317 1014 352 amicitia
1039 320 1164 351 autem
1185 316 1279 350 nihil
1295 317 1425 351 fictum
1442 322 1508 360 est,

185 366 281 401 nihil
306 366 523 401 simulatum
549 369 595 406 et,
615 365 793 409 quidquid
818 368 883 406 est,
904 365 941 398 id
967 368 1022 398 est
1038 375 1168 398 verum
1194 367 1230 397 et
1246 364 1508 400 voluntarium.

185 415 243 448 27.
270 413 497 465 Quapropter
515 424 536 446 a
552 416 685 446 natura
702 412 795 446 mihi
812 412 957 446 videtur
973 411 1095 456 potius
1113 422 1226 455 quam
1243 410 1288 445 ab
1305 410 1509 455 indigentia

187 463 268 495 orta
302 459 477 500 amicitia,
512 459 755 512 adplicatione
788 459 908 502 magis
937 470 1054 492 ammi
1086 469 1171 492 cum
1204 458 1365 502 quodam
1398 470 1508 494 sensu

188 506 340 542 amandi
364 518 476 550 quam
501 506 732 550 cogitatione,
751 510 932 558 quantum
949 505 1013 539 illa
1029 517 1087 539 res
1103 504 1276 539 utilitatis
1293 508 1389 539 esset
1405 505 1507 540 habi-

186 558 282 589 tura.
332 553 436 595 Quod
454 553 603 597 quidem
622 554 728 597 quale
746 553 804 592 sit,
822 553 936 587 etiam
952 552 991 586 in
1008 552 1134 586 bestiis
1152 551 1373 596 quibusdam
1389 553 1506 587 anim-

188 600 331 636 adverti
347 604 478 645 potest,
497 612 589 644 quae
616 613 659 634 ex
684 612 722 635 se
747 603 854 634 natos
876 599 929 633 ita
949 602 1077 633 amant
1095 599 1141 633 ad
1158 599 1344 643 quoddam
1360 602 1508 644 tempus

188 651 225 682 et
243 647 288 682 ab
306 647 358 682 eis
375 647 428 682 ita
453 652 637 688 amantur,
654 651 696 681 ut
720 647 826 681 facile
856 658 984 681 earum
1012 658 1141 681 sensus
1168 650 1352 691 appareat.
1401 647 1508 689 Quod

187 694 228 729 in
244 694 395 730 homine
412 695 530 729 multo
548 698 602 729 est
620 694 836 735 evidentius,
852 693 1016 738 primum
1034 705 1078 728 ex
1101 705 1143 728 ea
1160 694 1324 734 caritate,
1341 705 1434 738 quae
1452 697 1507 729 est

189 742 287 777 inter
303 745 411 776 natos
429 745 464 776 et
481 745 663 786 parentes,
682 753 775 785 quae
802 741 926 775 dirimi
951 740 1024 775 nisi
1041 740 1248 775 detestabili
1273 741 1407 775 scelere
1432 752 1509 775 non

188 792 330 835 potest;
350 789 480 823 deinde
494 801 579 823 cum
591 788 723 823 similis
740 800 869 823 sensus
886 787 1007 822 extitit
1025 788 1171 829 amoris,
1186 788 1217 822 si
1228 787 1391 832 aliquem
1407 787 1509 823 nacti

190 848 329 877 sumus,
347 836 451 871 cuius
477 848 562 870 cum
587 836 751 870 moribus
778 838 814 869 et
840 838 974 869 natura
1000 846 1257 879 congruamus,
1275 835 1372 879 quod
1397 835 1437 870 in
1466 846 1509 870 eo

188 883 295 928 quasi
310 884 439 917 lumen
456 883 604 927 aliquod
627 882 820 927 probitatis
845 886 880 916 et
906 882 1054 916 virtutis
1081 882 1284 926 perspicere
1304 882 1509 917 videamur.
1515 863 1567 925 f

189 933 247 966 28.
273 931 377 965 Nihil
395 934 450 964 est
468 931 568 964 enim
585 929 720 964 virtute
747 929 954 969 amabilius,
971 929 1076 971 nihil,
1095 930 1192 974 quod
1215 929 1334 974 magis
1360 929 1510 964 adliciat

188 978 236 1013 ad
253 978 491 1022 diligendum,
503 977 636 1022 quippe
651 989 736 1011 cum
751 979 899 1021 propter
911 976 1087 1011 virtutem
1105 980 1140 1011 et
1156 976 1379 1021 probitatem
1395 977 1510 1011 etiam

189 1037 262 1067 605,
288 1037 379 1069 (11105
403 1036 609 1068 numquam
638 1024 810 1065 vidimus,
838 1024 999 1068 quodam
1026 1024 1136 1058 modo
1163 1023 1370 1068 diligamus.
1421 1023 1511 1066 Quis

189 1075 256 1114 est,
275 1071 337 1117 qui
364 1072 402 1106 O.
421 1072 577 1112 Fabrici,
604 1072 668 1105 Μ’.
688 1071 775 1106 Curi
801 1083 876 1105 non
902 1082 987 1105 cum
1013 1070 1164 1105 caritate
1195 1071 1318 1115 aliqua
1340 1070 1511 1106 benivola

188 1119 411 1154 memoriam
427 1122 589 1163 usurpet,
609 1130 699 1163 quos
715 1129 922 1162 numquam
939 1118 1102 1153 viderit?
1120 1117 1202 1162 quis
1219 1121 1345 1152 autem
1362 1121 1428 1160 est,
1447 1117 1511 1162 qui

188 1166 434 1211 Tarquinium
470 1166 686 1210 Superbum,
720 1165 783 1210 qui
818 1165 878 1210 Sp.
908 1165 1100 1218 Cassium,
1124 1166 1184 1209 Sp.
1223 1165 1402 1199 Maelium
1434 1176 1511 1199 non

189 1214 329 1249 oderit.
319 1216 336 1240 9
386 1214 481 1248 Cum
506 1213 647 1247 duobus
673 1213 826 1247 ducibus
852 1213 896 1247 de
920 1212 1073 1257 imperio
1090 1212 1129 1245 in
1147 1211 1258 1246 Italia
1276 1216 1331 1246 est
1348 1212 1509 1246 decerta-

188 1265 282 1302 tum,
300 1261 441 1313 Pyrrho
472 1264 507 1294 et
534 1260 766 1301 Hannibale;
794 1259 839 1294 ab
866 1260 981 1294 altero
1009 1262 1156 1304 propter
1182 1259 1404 1303 probitatem
1431 1258 1510 1294 61115

188 1320 265 1343 11011
274 1307 388 1342 nimis
402 1307 540 1342 alienos
558 1307 703 1341 animos
716 1286 907 1348 habemus,
921 1307 1080 1341 alterum
1096 1310 1244 1351 propter
1254 1306 1510 1341 crudelitatem

190 1366 335 1400 semper
352 1355 442 1389 haec
460 1355 589 1389 civitas
607 1354 734 1389 oderit.

238 1403 305 1436 IX.
335 1404 392 1436 29.
420 1402 557 1444 Quodsi
584 1405 688 1436 tanta
717 1401 773 1436 vis
798 1400 992 1446 probitatis
1022 1404 1087 1442 est,
1119 1403 1161 1435 ut
1189 1412 1272 1435 eam
1296 1401 1356 1435 vel
1378 1400 1419 1435 in
1444 1399 1508 1442 615,

190 1461 282 1494 quos
299 1461 506 1494 numquam
531 1449 703 1490 11(11111115,
731 1449 799 1489 vel,
828 1449 926 1493 quod
953 1447 1075 1482 maius
1102 1452 1167 1489 est,
1197 1448 1237 1482 in
1262 1448 1368 1483 hoste
1398 1447 1512 1482 etiam

192 1496 400 1542 diligamus,
419 1496 506 1540 quid
523 1496 660 1530 mirum
678 1500 744 1537 est,
763 1495 793 1530 si
818 1496 935 1529 animi
958 1495 1155 1530 hominum
1178 1499 1409 1537 moveantur,
1427 1506 1513 1533 cum

191 1555 330 1584 eorum,
365 1543 584 1588 quibuscum
616 1555 687 1577 usu
727 1542 914 1578 coniuncti
955 1554 1034 1577 esse
1066 1546 1230 1587 possunt,
1265 1542 1443 1577 virtutem
1475 1545 1513 1577 et

189 1590 395 1626 bonitatem
412 1590 615 1635 perspicere
632 1590 850 1625 videantur.
840 1592 857 1617 9
899 1586 1135 1634 Quamquam
1152 1589 1392 1624 confirmatur
1409 1600 1513 1624 amor

191 1641 227 1673 et
244 1637 422 1672 beneficio
440 1641 587 1682 accepto
606 1641 640 1672 et
655 1637 776 1690 studio
792 1640 982 1682 perspecto
999 1640 1035 1671 et
1046 1636 1310 1690 consuetudine
1327 1636 1513 1678 adiuncta,

148 1680 152 1703 '¹
192 1684 324 1730 quibus
341 1685 449 1719 rebus
467 1686 513 1719 ad
530 1685 635 1718 illum
653 1684 817 1729 primum
833 1689 980 1719 motum
997 1683 1113 1718 animi
1131 1687 1167 1718 et
1184 1683 1320 1718 amoris
1338 1680 1513 1718 adhibitis

191 1732 419 1767 admirabilis
433 1733 614 1776 quaedam
629 1732 832 1766 exardescit
844 1731 1113 1766 benivolentiae
1125 1730 1354 1775 magnitudo.
1392 1730 1514 1773 Quam

192 1779 224 1814 si
241 1779 304 1824 qui
320 1783 453 1824 putant
479 1779 523 1813 ab
548 1779 787 1813 inbecillitate
815 1779 1008 1824 proficisci,
1026 1782 1067 1813 ut
1097 1778 1155 1819 5111,
1180 1790 1244 1823 per
1271 1790 1382 1822 quem
1411 1778 1512 1812 adse-

192 1830 337 1880 quatur,
365 1827 462 1872 quod
496 1826 649 1870 quisque
683 1826 873 1867 desideret,
898 1826 1080 1861 humilem
1115 1831 1202 1860 sane
1234 1826 1448 1869 relinquunt
1476 1827 1514 1860 et

190 1873 347 1908 minime
374 1885 603 1918 generosum,
638 1877 680 1908 ut
712 1873 764 1908 ita
795 1873 928 1914 dicam,
955 1876 1079 1908 ortum
1104 1872 1300 1925 amicitiae,
1328 1884 1441 1917 quam
1469 1883 1515 1906 ex

191 1921 315 1974 inopia
341 1925 451 1965 atque
476 1920 679 1965 indigentia
703 1924 832 1955 natam
859 1921 1000 1955 volunt.
1066 1920 1172 1962 Quod
1201 1920 1231 1954 si
1259 1919 1312 1954 ita
1341 1922 1447 1960 esset,
1471 1921 1515 1954 ut

192 1968 347 2021 quisque
364 1968 564 2002 minimum
583 1980 661 2002 esse
678 1967 717 2001 in
736 1980 773 2002 56
791 1967 1041 2008 arbitraretur,
1058 1967 1111 2001 ita
1129 1967 1175 2001 ad
1197 1966 1402 2001 amicitiam
1419 1970 1516 2000 esset

193 2015 428 2060 aptissimus;
468 2016 565 2059 quod
589 2015 696 2059 longe
722 2027 827 2049 secus
853 2019 918 2049 est.
968 2017 1024 2049 30.
1050 2015 1103 2049 Ut
1132 2014 1233 2048 enim
1262 2013 1416 2058 quisque
1445 2012 1515 2066 sibi

191 2063 396 2108 plurimum
417 2062 579 2102 confidit
598 2066 633 2096 et
650 2066 691 2096 ut
709 2062 862 2106 quisque
879 2061 1041 2096 maxime
1059 2061 1194 2096 virtute
1213 2064 1249 2096 et
1267 2060 1447 2106 sapientia
1464 2059 1516 2094 sic

191 2110 359 2145 munitus
374 2113 439 2150 est,
451 2113 486 2143 et
498 2109 599 2143 nullo
612 2113 715 2153 egeat
727 2121 865 2153 suaque
884 2109 1009 2143 omnia
1025 2109 1065 2142 in
1083 2120 1120 2142 56
1137 2108 1216 2153 11150
1232 2108 1352 2153 posita
1368 2107 1516 2147 iudicet,

192 2157 245 2192 ita
268 2157 307 2191 in
331 2156 504 2191 amicitiis
528 2156 741 2201 expetendis
766 2156 1001 2200 colendisque
1026 2156 1189 2190 maxime
1215 2154 1370 2190 excellit.
1420 2153 1517 2196 Quid

193 2204 324 2240 enim?
373 2204 568 2238 Africanus
593 2203 763 2248 indigens
787 2203 892 2238 10619
943 2203 1100 2237 Minime
1125 2202 1294 2237 hercule!
1321 2213 1362 2236 ac
1384 2212 1431 2235 ne
1449 2211 1516 2245 ego

193 2251 343 2305 quidem
368 2251 488 2292 illius;
516 2251 580 2285 sed
605 2262 670 2295 ego
701 2250 944 2285 admiratione
974 2250 1135 2294 quadam
1161 2249 1308 2302 virtutis
1335 2248 1424 2289 61115,
1452 2247 1515 2282 1116

193 2299 357 2333 vicissim
384 2298 555 2343 opinione
585 2298 738 2332 fortasse
767 2309 842 2332 non
870 2297 984 2338 nulla,
1014 2309 1127 2341 quam
1156 2297 1200 2331 de
1229 2295 1323 2331 meis
1349 2294 1514 2330 moribus

192 2346 362 2387 habebat,
396 2357 456 2380 me
491 2345 638 2387 dilexit3
681 2344 782 2379 auxit
814 2344 1103 2379 benivolentiam
1144 2343 1381 2379 consuetudo.
1443 2341 1516 2378 Sed
