1698 2662
593 180 745 209 CICERO
772 181 829 208 DE
856 180 1063 209 AMICITIA.
1439 174 1491 213 23

170 272 323 318 quidem
340 272 461 307 cultus
477 271 718 317 permanebit.
767 272 813 306 Id
830 271 861 306 si
877 271 1002 307 minus
1026 271 1261 316 intellegitur,
1280 276 1419 318 quanta
1436 273 1493 310 vis

172 320 358 356 amicitiae
375 319 663 364 concordiaeque
680 319 738 360 sit,
750 330 794 354 ex
811 319 1099 353 dissensionibus
1117 324 1226 364 atque
1245 332 1288 354 ex
1301 320 1493 356 discordiis

170 366 329 413 perspici
345 370 476 412 potest.
519 367 620 408 Quae
638 366 738 400 enim
757 366 887 400 domus
905 370 984 400 tam
1002 366 1153 407 stabilis,
1173 379 1265 411 quae
1286 371 1365 402 tam
1383 368 1492 402 firma

171 414 301 449 civitas
328 417 393 455 est,
412 425 505 458 quae
529 425 605 448 non
629 413 722 447 odiis
755 417 791 447 et
820 413 982 448 discidiis
1007 413 1173 447 funditus
1197 414 1312 458 possit
1346 415 1492 452 everti?

171 461 231 496 Ex
249 473 332 506 quo,
350 465 533 505 quantum
554 460 641 494 boni
659 460 706 495 sit
722 459 761 494 in
779 459 954 501 amicitia,
971 460 1125 494 iudicari
1142 466 1273 505 potest.
1315 463 1371 496 24.
1388 461 1491 506 Agri-

170 509 366 553 gentinum
389 507 540 552 quidem
563 507 713 542 doctum
738 507 924 552 quendam
941 507 1063 542 virum
1089 508 1314 543 carminibus
1340 509 1492 544 Graecis

172 555 419 591 vaticinatum
435 555 569 594 ferunt,
589 566 681 598 quae
706 554 746 588 in
767 566 892 588 rerum
916 557 1050 589 natura
1075 557 1225 599 totoque
1249 557 1389 590 mundo
1407 568 1490 591 con-

171 605 324 643 starent,
342 613 508 646 quaeque
524 605 772 641 moverentur,
790 613 833 646 ea
850 601 1065 636 contrahere
1082 601 1297 643 amicitiam,
1312 599 1494 648 dissipare

172 649 407 684 discordiam.
455 648 1509 730 AQQQQQet-Qtffllegunq

172 700 211 731 et
227 708 266 731 re
282 695 450 748 probant.
499 696 644 739 Itaque,
662 695 693 729 si
710 707 808 740 quan
836 707 857 730 o
881 707 902 730 a
933 707 1003 740 quo
1055 708 1074 730 o
1119 708 1217 730 cium
1241 697 1363 732 extitit
1379 692 1498 732 amici

173 743 214 777 in
229 743 401 788 periculis
426 745 490 776 aut
517 742 695 776 adeundis
721 747 785 777 aut
812 742 1140 783 communicandis,
1159 743 1241 787 quis
1266 748 1332 785 est,
1351 745 1439 789 quid
1455 745 1495 780 id

172 801 248 824 non
264 788 439 824 maximis
456 789 591 823 ecferat
607 789 777 824 laudibus
790 792 807 825 ἱ)
856 789 927 832 Qui
951 790 1130 824 clamores
1153 794 1231 824 tota
1249 803 1360 825 cavea
1377 803 1495 836 nuper

172 837 213 871 in
229 836 384 881 hospitis
401 840 437 870 et
455 836 565 870 amici
581 836 657 870 mei
680 837 731 871 M.
750 837 887 872 Pacuvi
910 848 1007 871 nova
1024 837 1148 871 fabula
1163 838 1170 871 Ξ
1198 849 1284 871 cum
1301 838 1494 882 ignorante

171 895 269 928 rege,
286 888 369 918 uter
392 884 539 918 Orestes
556 886 659 924 esset,
676 884 840 928 Pylades
865 885 1033 919 Orestem
1052 896 1090 919 se
1107 896 1186 918 esse
1205 885 1352 926 diceret,
1369 889 1411 921 ut
1427 897 1494 930 pro

171 931 236 965 illo
252 934 456 971 necaretur,
475 931 621 964 Orestes
647 935 783 971 autem,
801 931 854 966 ita
878 936 920 966 ut
945 934 1034 972 erat,
1052 932 1221 966 Orestem
1247 944 1285 966 se
1311 944 1390 967 esse
1412 944 1492 978 per-

172 982 368 1013 severaret.
419 978 567 1012 Stantes
591 978 815 1022 plaudebant
839 979 878 1012 in
902 991 941 1013 re
968 978 1076 1020 ficta;
1104 978 1192 1023 quid
1215 979 1439 1014 arbitramur
1455 979 1495 1015 in

171 1037 260 1065 vera
277 1025 438 1059 facturos
462 1024 605 1059 fuisse?
655 1025 779 1060 Facile
807 1025 994 1060 indicabat
1021 1025 1101 1070 ipsa
1128 1030 1262 1060 natura
1280 1026 1357 1060 vim
1375 1038 1494 1068 suam,

172 1083 259 1108 cum
276 1064 567 1116 homines,'quod
583 1072 701 1107 facere
717 1072 788 1117 ipsi
804 1084 879 1107 non
894 1076 1055 1118 possent,
1066 1073 1104 1106 id
1119 1077 1218 1107 recte
1234 1073 1315 1108 fieri
1327 1074 1367 1108 in
1380 1075 1496 1110 altero

172 1119 390 1154 iudicarent.

221 1167 415 1210 Hactenus
447 1165 542 1200 mihi
574 1165 699 1201 videor
732 1166 776 1201 de
810 1166 975 1201 amicitia
1007 1166 1096 1211 quid
1125 1167 1301 1202 sentirem
1332 1168 1496 1213 potuisse

173 1213 316 1254 dicere;
341 1213 372 1248 si
397 1225 491 1258 quae
515 1217 706 1258 praeterea
727 1217 813 1248 sunt
834 1214 953 1258 (credo
972 1219 1097 1249 autem
1115 1226 1193 1249 esse
1209 1215 1357 1259 multa),
1376 1216 1422 1250 ab
1438 1216 1495 1257 iis,

174 1260 207 1296 si
222 1260 418 1301 videbitur,
436 1260 499 1304 qui
514 1261 586 1295 ista
604 1261 804 1305 disputant,
822 1261 1036 1305 quaeritote.

222 1310 279 1342 25.
304 1309 335 1342 F
337 1318 487 1342 ANNIUs.
537 1308 614 1342 Nos
639 1312 765 1342 autem
791 1320 812 1342 a
836 1312 873 1342 te
896 1308 1039 1353 potius3
1067 1320 1295 1353 quamquam
1319 1309 1433 1345 etiam
1451 1310 1496 1345 ab

174 1354 255 1390 istis
281 1367 388 1400 saepe
418 1355 584 1399 quaesivi
610 1359 646 1389 et
675 1355 800 1389 audivi
824 1367 900 1390 non
923 1355 1062 1390 invitus
1087 1356 1279 1401 equidem3
1308 1358 1372 1392 sed
1397 1357 1498 1392 aliud

174 1403 361 1448 quoddam
383 1402 490 1436 filum
508 1401 683 1436 orationis
700 1407 797 1437 tuae.

223 1450 428 1485 SCAEVOLA.
477 1450 574 1483 'Tum
598 1449 718 1493 magis
742 1450 781 1483 id
803 1449 952 1491 diceres,
969 1450 1101 1491 Fanni,
1120 1450 1151 1485 si
1175 1463 1292 1496 nuper
1316 1451 1356 1485 in
1380 1451 1498 1487 hortis

176 1496 368 1542 Scipionis,
386 1508 472 1531 cum
490 1500 545 1531 est
569 1497 612 1531 de
637 1509 676 1530 re
701 1496 847 1541 publica
874 1497 1113 1542 disputatum,
1131 1498 1321 1533 adfuisses.
1371 1499 1498 1541 Qualis

173 1547 257 1579 tum
272 1548 450 1589 patronus
466 1543 629 1578 iustitiae
647 1543 716 1578 fuit
734 1548 861 1593 contra
878 1549 1089 1579 accuratam
1106 1545 1311 1580 orationem
1329 1546 1427 1580 Phili
1442 1547 1450 1581 1

222 1592 405 1625 FANNms.
464 1591 588 1625 Facile
617 1591 655 1625 id
689 1591 839 1635 quidem
873 1591 954 1633 fuit,
980 1591 1162 1626 iustitiam
1190 1593 1394 1628 iustissimo
1419 1593 1499 1629 viro

177 1638 384 1674 defendere.
621 1636 626 1640 ’

225 1686 429 1720 SCAEVOLA.
479 1685 605 1728 Quid?
639 1685 844 1720 amicitiam
870 1697 994 1720 norme
1019 1686 1125 1720 facile
1153 1686 1197 1728 ei,
1227 1687 1316 1732 quid
1323 1677 1517 1733 Q

174 1744 325 1768 summa
342 1732 425 1774 fide,
444 1732 652 1768 constantia
675 1733 890 1778 iustitiaque
908 1722 1092 1784 serjann
1109 1745 1327 1769 maxumam
1344 1736 1500 1780 gloriam

177 1780 314 1825 ceperit
327 1782 344 1815 ἱ)

224 1828 336 1862 VIII.
353 1828 410 1861 26.
434 1827 615 1861 LAEL1us.
664 1827 751 1863 Vim
768 1827 836 1862 hoc
854 1827 1003 1872 quidem
1021 1831 1076 1862 est
1094 1828 1246 1863 adferre.
1287 1829 1383 1872 Quid
1400 1830 1501 1865 enim

176 1874 300 1915 refert,
327 1886 400 1918 qua
431 1886 492 1908 me
521 1874 664 1924 ratione
692 1875 860 1919 cogatis?
896 1875 1025 1919 cogitis
1054 1880 1163 1910 certe.
1225 1877 1365 1912 Studiis
1399 1877 1500 1912 enim

175 1933 409 1966 generorum,
438 1921 656 1966 praesertim
689 1922 730 1956 in
757 1933 796 1957 re
825 1921 932 1963 bona,
959 1934 1046 1957 cum
1073 1923 1219 1958 difficile
1250 1928 1315 1966 est,
1345 1928 1427 1960 tum
1453 1937 1501 1959 ne

176 1980 340 2013 aequum
358 1968 509 2012 quidem
526 1968 714 2013 obsistere.

227 2015 450 2060 Saepissime
476 2015 588 2060 igitur
613 2016 708 2049 mihi
741 2016 785 2051 de
817 2015 982 2051 amicitia
1017 2016 1194 2061 cogitanti
1220 2018 1384 2053 maxime
1410 2018 1503 2053 illud

174 2063 487 2098 considerandum
504 2063 621 2097 videri
645 2054 747 2115 tolet,
764 2064 892 2112 utrum
913 2067 1063 2108 propter
1086 2064 1365 2100 inbecillitatem
1391 2070 1502 2110 atque

176 2109 343 2155 inopiam
361 2109 566 2144 desiderata
584 2110 632 2145 sit
649 2102 824 2152 amicitia,
841 2115 882 2145 ut
900 2111 1031 2145 dandis
1050 2111 1342 2157 recipiendisque
1359 2113 1503 2148 meritis

178 2158 277 2202 quod
295 2156 448 2202 quisque
461 2157 587 2191 minus
603 2166 668 2202 per
685 2169 723 2192 se
739 2157 816 2203 ipse
832 2162 967 2203 posset,
983 2158 1022 2192 id
1038 2159 1219 2203 acciperet
1244 2160 1289 2194 ab
1308 2161 1379 2195 alio
1396 2160 1502 2195 vicis-

176 2204 324 2249 simque
348 2204 527 2244 redderet,
545 2216 594 2248 an
618 2209 714 2240 esset
740 2205 810 2240 hoc
838 2205 990 2250 quidem
1017 2206 1206 2250 proprium
1224 2207 1420 2249 amicitiae,
1438 2208 1503 2242 sed

179 2251 368 2296 antiquior
394 2254 430 2286 et
458 2251 645 2296 pulchrior
677 2256 714 2287 et
746 2252 865 2297 magis
902 2265 924 2287 a
959 2256 1093 2287 natura
1125 2253 1205 2298 ipsa
1238 2255 1401 2299 profecta
1429 2255 1503 2289 alia

178 2310 303 2334 causa.
350 2299 466 2333 Amor
484 2298 595 2340 enim,
613 2310 657 2333 ex
674 2311 746 2344 quo
771 2299 936 2335 amicitia
959 2300 1153 2334 nominata
1178 2305 1243 2342 est,
1261 2295 1432 2347 Ifficeps
1449 2305 1504 2337 est

178 2346 229 2381 ad
245 2345 536 2382 benivolentiam
552 2346 860 2392 coniungendam.
909 2348 1009 2382 Nam
1024 2346 1204 2383 utilitates
1222 2349 1373 2393 quidem
1390 2349 1505 2385 etiam
