1698 2662
667 187 744 219 TES
749 188 775 217 Τ
801 186 983 218 PAPERS.

464 363 608 398 ‘rnsw
641 362 834 398 PAPER
863 362 922 396 11.
960 361 1016 402 (ἐξ
1042 360 1177 403 17-34.)

205 452 235 482 1.
261 451 441 482 Translate
454 451 563 489 :—(a)
592 449 631 490 ἓξ
647 451 702 525 118,
743 449 793 488 19,
833 449 946 488 Quare
991 448 1057 480 sibi
1103 449 1257 480 habeant
1349 448 1490 479 vivendi

638 504 773 526 (ΠΟΘῘῙΙ.

516 537 566 578 (b)
595 537 676 578 §24‚
702 539 838 579 Itaque,
854 537 882 569 si
899 537 1037 578 quando
1112 536 1243 568 ecferat
1258 536 1431 568 laudibus.

204 616 236 647 2.
262 616 442 647 Translate
458 616 520 646 the
537 616 714 656 following
730 625 902 657 passages,
915 615 985 646 and
1000 615 1100 646 write
1116 614 1216 646 short
1238 617 1339 646 notes
1363 625 1407 646 on
1431 613 1492 645 the

161 659 332 691 italicised
348 660 460 690 words
473 672 525 691 :—

297 703 349 744 (a)
378 704 620 742 Adplicatione
644 704 756 744 magis
782 704 889 735 animi
923 714 1003 735 cum
1037 703 1182 742 quodam
1214 713 1318 734 sensu
1351 701 1494 734 amandi
1546 697 1549 699 ’

425 759 530 822 ἓηῖιῃ
570 749 770 788 coqitatione
806 751 976 789 quantum
1015 748 1076 779 illa
1112 757 1168 779 res
1206 747 1370 778 utilitatis
1403 750 1496 778 esset

452 803 472 823 a
497 793 601 823 itura.

296 836 347 875 (b)
373 836 457 875 Quis
474 840 527 867 est
543 838 601 877 qui
622 838 657 869 O.
674 838 821 875 Fabrici,
839 834 897 868 Μ’.
917 837 1001 869 Curi
1023 846 1093 867 non
1116 845 1196 868 cum
1213 835 1361 867 caritate
1379 835 1496 874 aliqua

426 881 594 912 benevola
610 882 815 912 memoriam
830 883 982 920 usurpet,
998 891 1084 921 quos
1099 890 1289 920 numquam
1306 880 1430 909 viderit
1444 876 1460 908 ἶ

299 923 347 965 (c)
375 925 492 965 Atque
516 935 631 955 earum
656 937 770 956 rerum
794 926 991 965 exemplum
1017 935 1059 956 ex
1086 924 1314 956 similitudine
1336 924 1498 963 capiebat

426 970 582 1000 ineuntis
608 971 740 1008 aetati&
757 971 849 1010 quod
873 970 1001 1001 summi
1023 979 1210 1010 puerorum
1234 977 1369 999 amores
1392 977 1496 1008 saepe

428 1024 498 1045 una
514 1025 593 1045 cum
608 1018 786 1053 praeteoeta
803 1019 877 1053 toya
889 1017 1107 1053 ponerentur.

209 1091 239 1121 3.
267 1091 320 1129 (a)
339 1091 427 1122 Who
444 1100 535 1121 were
552 1091 681 1129 Philus,
694 1092 836 1128 Ennius,
849 1091 1030 1129 Pacuvius,
1045 1090 1296 1131 Agrigentinus
1314 1086 1464 1120 doctus?

212 1150 262 1191 (b)
290 1150 379 1183 Give
414 1151 561 1183 Laelius’
587 1152 768 1183 definition
794 1151 832 1183 of
856 1153 1021 1183 amicitia.
1075 1151 1180 1183 What
1207 1151 1420 1190 advantages
1445 1159 1499 1181 ac-

166 1196 309 1236 cording
321 1198 358 1228 to
374 1195 448 1227 him
465 1205 524 1227 are
540 1196 681 1228 derived
698 1196 788 1228 from
804 1196 1000 1237 friendship
1016 1194 1030 1226 Ρ

486 1388 631 1423 'I'ES'I'
661 1387 855 1423 PAPER
877 1388 943 1423 12.
971 1387 1027 1428 (§§
1045 1385 1181 1428 35—58.)

213 1477 246 1507 1.
272 1475 453 1508 Translate
463 1475 572 1514 2-(a)
593 1474 610 1514 ξ
623 1476 678 1513 43,
695 1474 809 1513 Quare
818 1475 899 1506 talis
911 1474 1147 1514 improborum
1203 1473 1315 1514 qualis
1326 1473 1429 1504 hodie
1441 1476 1505 1505 est.

524 1519 574 1559 (b)
595 1519 612 1559 ξ
627 1520 679 1558 51,
698 1521 917 1559 Tantumque
934 1519 1033 1550 abest
1104 1519 1225 1550 deesse
1241 1518 1372 1549 amicis.

215 1600 246 1630 2.
272 1598 454 1630 Translate
469 1598 531 1629 the
548 1597 724 1638 following
739 1606 913 1638 passages,
930 1597 1000 1628 and
1015 1597 1115 1628 write
1131 1596 1229 1628 short
1252 1599 1353 1628 notes
1376 1606 1421 1627 on
1443 1596 1506 1627 the

171 1643 345 1675 italicised
360 1643 474 1674 words
489 1655 542 1672 :—

307 1685 358 1727 (a)
384 1686 520 1717 Videtis
537 1696 641 1726 quam
658 1685 794 1717 nefaria
809 1686 898 1716 vom!
946 1686 990 1716 Et
1015 1685 1149 1716 hercule
1171 1684 1222 1716 ita
1245 1683 1330 1715 fecit
1353 1685 1405 1715 rel
1429 1684 1506 1725 plus

436 1732 542 1762 etiam
569 1741 672 1770 quam
705 1730 814 1767 dixit;
843 1740 913 1761 non
935 1730 1028 1761 enim
1058 1730 1177 1770 paruit
1202 1729 1261 1760 ille
1286 1730 1336 1759 Τι’.
1363 1729 1507 1760 Gracchi

436 1776 630 1812 temeritati,
647 1775 709 1805 sed
724 1774 889 1814 praefuit.

308 1819 358 1858 (b)
385 1820 478 1850 Nam
495 1820 695 1859 quibusdam
711 1829 798 1858 quos
814 1819 917 1850 audio
939 1818 1114 1859 sapientes
1137 1818 1276 1849 habitos
1300 1817 1335 1848 in
1361 1817 1509 1849 Graecia

432 1864 605 1902 placuisse
621 1864 742 1903 opinor
752 1863 929 1894 mirabilia
944 1864 1115 1902 quaedam
1135 1863 1212 1900 (sed
1228 1862 1316 1892 nihil
1334 1865 1398 1899 est,
1415 1861 1508 1902 quod

435 1909 487 1938 illi
510 1918 579 1938 ‘non
599 1911 849 1946 persequantur
872 1907 1053 1948 aryuti=is):
1080 1907 1209 1948 partim
1226 1906 1409 1946 fugiendas
1433 1914 1509 1937 esse

437 1952 563 1984 nimias
579 1952 762 1983 amicitias.

311 1994 359 2038 (c)
387 1996 515 2028 Videre
531 1997 614 2028 licet
631 2006 688 2028 eos
704 1996 847 2035 imperio
860 1996 1025 2034 potestate
1050 1995 1226 2036 prosperis
1252 1995 1357 2026 rebus
1381 1994 1509 2025 immu-

438 2042 518 2079 tari,
538 2041 656 2081 sperni
672 2041 715 2071 ab
732 2040 774 2072 iis
790 2043 926 2072 veteres
942 2040 1124 2078 amicitias,
1142 2040 1314 2077 indulqewl
1330 2040 1438 2070 novis.

219 2120 249 2149 3.
276 2118 328 2157 (α)
356 2116 444 2149 Give
476 2118 622 2149 Laelius’
653 2119 840 2158 argument
869 2127 907 2149 as
939 2119 976 2148 to
1005 2116 1058 2158 (i.)
1088 2118 1148 2148 the
1176 2117 1324 2147 relation
1350 2117 1510 2147 between

174 2162 367 2238 {riendislfiip
405 2163 475 2193 and
513 2163 728 2203 expediency
766 2173 804 2193 or
841 2162 998 2201 interest,
1030 2162 1100 2192 and
1135 2162 1203 2200 (ii.)
1237 2162 1298 2192 the
1328 2160 1436 2191 limits
1470 2159 1510 2191 of

180 2218 267 2249 *rien
293 2217 308 2238 s
336 2218 384 2247 lp.

222 2266 268 2308 (b)
295 2266 383 2300 Give
413 2269 474 2299 the
504 2267 675 2308 principa]
704 2271 803 2308 parts
833 2268 870 2298 of
908 2268 1082 2305 auderent,
1114 2267 1278 2306 profiteri,
1311 2266 1513 2304 inveterata,

172 2313 338 2352 proqredi,
355 2314 568 2353 iynoscerem,
581 2313 690 2352 pdret,
703 2314 810 2351 paret,
823 2313 1011 2351 sanciatur,
1028 2311 1222 2350 inciderint,
1241 2311 1435 2342 inciderint.
