1708 2642
181 150 233 188 28
608 160 761 188 CICERO
790 161 846 187 DE
875 160 1083 188 AMICITIA.

184 252 404 289 adhibeatur
429 252 476 286 ad
500 252 729 286 monendum
758 263 833 285 non
859 252 969 286 modo
988 254 1122 296 aperte,
1142 251 1205 286 sed
1223 251 1336 286 etiam
1362 253 1504 297 acriter,

185 301 217 337 si
243 312 302 335 res
329 299 540 344 postulabit,
559 302 595 333 et
613 299 799 333 adhibitae
828 302 1011 343 pareatur.
1060 300 1117 332 45.
1143 299 1243 344 Nam
1272 300 1504 343 quibusdam,

185 359 278 392 quos
304 347 413 381 audio
431 346 615 391 sapientes
636 346 781 380 habitos
800 345 838 379 in
857 345 1022 386 Graecia,
1040 345 1222 390 placuisse
1240 346 1368 390 opinor
1392 348 1502 383 mira-

185 394 275 431 bilia
288 394 470 438 quaedam
488 393 563 435 (sed
581 393 675 427 nihil
687 397 752 433 est,
765 393 862 437 quod
873 393 926 426 illi
943 405 1018 427 non
1031 397 1298 437 persequantur
1313 394 1477 439 argutiis)
1494 405 1503 430 ε

185 441 322 487 partim
350 440 542 484 fugiendas
571 452 649 475 esse
678 440 813 474 nimias
839 440 1033 481 amicitias,
1058 451 1105 474 ne
1134 451 1284 474 necesse
1311 440 1357 474 sit
1385 453 1504 477 unum

188 488 387 523 sollicitum
418 499 496 522 esse
524 499 590 532 pro
615 487 801 531 pluribus;
829 487 918 521 satis
947 498 1128 531 superque
1156 499 1235 521 esse
1264 487 1332 521 sibi
1352 500 1504 523 suarum

186 535 318 579 cuique
336 546 471 575 rerum,
490 534 620 569 alienis
646 534 759 568 nimis
785 534 968 579 implicari
993 534 1193 568 molestum
1212 545 1315 574 esse;
1344 546 1502 570 commo-

187 582 384 616 dissimum
403 593 481 616 esse
500 593 612 626 quam
629 581 840 615 laxissimas
857 581 1021 615 habenas
1043 581 1178 615 habere
1196 581 1393 622 amicitiae,
1412 594 1504 626 quas

186 630 247 665 vel
264 629 435 669 adducas,
454 641 539 663 cum
557 627 658 670 velis,
676 629 735 663 vel
762 628 955 669 remittas3
983 632 1092 672 caput
1118 628 1218 662 enim
1237 640 1315 662 esse
1334 630 1380 662 ad
1397 629 1504 664 beate

187 676 390 712 vivendum
408 676 656 716 securitatem,
675 687 747 720 qua
764 675 836 709 frui
853 687 928 709 non
943 676 1058 720 possit
1077 675 1234 715 animus,
1253 675 1283 709 si
1309 679 1503 720 tamquam

186 722 368 769 parturiat
400 735 497 757 unus
529 735 594 767 pro
627 722 803 767 pluribus.
868 724 925 756 46.
950 723 1052 757 Alios
1086 727 1212 757 autem
1246 722 1365 757 dicere
1400 723 1504 759 aiunt

186 771 306 805 multo
325 770 438 805 etiam
454 770 696 804 inhumanius
717 771 840 813 (quem
857 769 981 804 locum
1005 769 1164 804 breviter
1188 770 1297 814 paulo
1316 774 1401 804 ante
1425 782 1504 815 per-

187 817 332 861 strinxi)
360 817 533 862 praesidii
558 816 835 860 adiumentique
853 828 974 857 causa,
991 829 1066 851 non
1090 816 1360 851 benivolentiae
1384 829 1505 862 neque

187 865 353 899 caritatis
369 864 552 898 amicitias
566 875 644 898 esse
658 864 899 908 expetendas3
926 863 1061 908 itaque,
1078 869 1119 898 ut
1138 864 1291 908 quisque
1303 864 1505 900 minimum

188 911 377 946 firmitatis
402 912 554 945 haberet
579 910 853 954 minimumque
870 910 1016 952 virium,
1042 910 1094 945 ita
1120 911 1303 945 amicitias
1333 912 1504 956 adpetere

187 959 350 994 maxime
365 969 373 1000 3
402 971 445 993 ex
462 970 503 993 eo
517 958 607 999 fieri,
622 961 663 992 ut
680 957 919 992 mulierculae
930 957 1049 1001 magis
1061 957 1310 992 amicitiarum
1323 959 1505 1002 praesidia

188 1009 369 1050 quaerant
387 1017 499 1050 quam
517 1005 586 1040 viri
604 1008 639 1039 et
656 1004 784 1049 inopes
802 1004 915 1049 quam
933 1005 1097 1049 opulenti
1114 1008 1149 1039 et
1167 1005 1373 1039 calamitosi
1391 1018 1504 1050 quam

189 1053 226 1094 ii,
245 1053 308 1097 qui
324 1056 500 1098 putentur
528 1052 637 1086 beati.
687 1054 743 1086 47.
771 1053 800 1086 O
829 1052 1057 1096 praeclaram
1085 1052 1328 1097 sapientiam!
1357 1054 1517 1099 ‘Solem‘

188 1112 208 1134 e
240 1100 246 1106 “
308 1112 326 1134 0
344 1100 484 1133 mundo
497 1100 624 1134 tollere
638 1098 820 1140 videntur,
839 1099 902 1143 qui
919 1099 1123 1134 amicitiam
1142 1111 1160 1133 0
1178 1099 1255 1133 vita
1268 1100 1414 1141 tollunt,
1431 1112 1505 1144 qua

187 1112 322 1193 {iffi}
339 1146 395 1181 dis
407 1146 665 1181 inmortalibus
678 1146 811 1187 melius
828 1146 1019 1188 habemus,
1034 1146 1127 1191 nihil
1144 1145 1352 1180 iucundius.
1380 1147 1504 1192 ¹“Quae

189 1193 478 1230 esfiffifff'ist‘a'
506 1192 686 1228 vsecuritas
699 1196 715 1228 ἱ)
767 1193 893 1238 Specie
928 1193 1077 1238 quidem
1109 1190 1266 1234 blanda,v
1280 1192 1348 1227 'sed
1375 1206 1504 1239 reapse

189 1241 319 1276 multis
337 1241 426 1275 locis
443 1241 681 1285 repudianda.
732 1241 861 1285 Neque
888 1241 988 1275 enim
1007 1244 1062 1276 est
1079 1245 1370 1275 consentaneum
1387 1242 1504 1276 ullam

189 1289 386 1323 honestam
415 1300 495 1322 rem
520 1287 761 1328 actionemve,
779 1300 825 1322 ne
844 1287 1022 1323 sollicitus
1050 1287 1110 1329 sis,
1129 1291 1191 1322 aut
1218 1300 1293 1322 non
1321 1288 1505 1334 suscipere

189 1339 255 1371 aut
269 1338 478 1380 susceptam
490 1336 680 1380 deponere.
730 1334 868 1377 Quodsi
880 1347 1007 1369 curam
1019 1335 1191 1379 fugimus,
1203 1335 1320 1369 virtus
1332 1335 1504 1380 fugienda

190 1387 256 1424 est,
275 1395 368 1427 quae
386 1394 535 1417 necesse
554 1386 609 1416 est
627 1394 712 1416 cum
738 1382 861 1426 aliqua
880 1394 966 1417 cura
984 1394 1041 1417 res
1068 1382 1137 1417 sibi
1155 1382 1357 1416 contrarias
1383 1395 1503 1428 asper-

189 1434 300 1465 netur
317 1435 426 1474 atque
445 1429 572 1470 oderit,
590 1434 632 1463 ut
649 1429 795 1464 bonitas
812 1429 1008 1471 malitiam,
1026 1430 1272 1474 temperantia
1289 1429 1505 1472 lubidinem,

189 1477 377 1521 ignaviam
395 1477 570 1511 fortitudo
586 1487 594 1518 3
620 1476 745 1521 itaque
763 1476 889 1510 videas
906 1477 1014 1511 rebus
1030 1476 1179 1511 iniustis
1198 1477 1315 1511 iustos
1340 1477 1504 1512 maxime

190 1525 322 1565 dolere,
352 1524 549 1558 inbellibus
574 1524 695 1564 fortes,
725 1523 917 1567 flagitiosis
951 1525 1148 1558 modestos.
1198 1525 1297 1567 Ergo
1330 1525 1398 1559 hoc
1423 1536 1504 1569 pro-

189 1572 313 1617 prium
331 1575 386 1605 est
404 1571 520 1605 animi
537 1571 628 1605 bene
645 1571 847 1611 constituti,
867 1575 902 1605 et
919 1571 1049 1606 laetari
1077 1571 1184 1606 bonis
1200 1571 1309 1605 rebus
1327 1575 1363 1605 et
1382 1572 1503 1606 dolere

190 1618 395 1654 contrariis.
444 1620 501 1652 48.
528 1619 648 1660 Quam
661 1618 705 1652 ob
719 1630 809 1658 rem,
825 1618 855 1652 si
869 1619 966 1653 cadit
983 1618 1022 1652 in
1041 1618 1246 1663 sapientem
1258 1618 1373 1652 animi
1392 1619 1504 1660 dolor,

193 1666 257 1711 qui
283 1666 445 1710 profecto
469 1665 577 1706 cadit,
596 1665 668 1700 nisi
686 1678 729 1700 ex
747 1665 825 1699 eius
844 1665 968 1700 animo
987 1666 1208 1710 extirpatam
1230 1665 1506 1700 humanitatem

191 1713 424 1753 arbitramur,
443 1724 536 1757 quae
554 1724 664 1747 causa
682 1716 747 1753 est,
765 1724 829 1747 cur
859 1712 1063 1747 amicitiam
1092 1713 1258 1747 funditus
1286 1713 1460 1747 tollamus
1486 1725 1506 1747 e

190 1760 278 1801 vita,
290 1772 336 1794 ne
348 1760 490 1804 aliquas
507 1765 654 1804 propter
667 1772 749 1794 eam
767 1760 1011 1804 suscipiamus
1022 1760 1211 1794 molestias
1224 1762 1240 1795 ἱ)
1291 1759 1387 1802 Quid
1405 1760 1506 1794 enim

190 1807 344 1842 interest
361 1810 466 1841 motu
478 1807 593 1841 animi
608 1807 751 1841 sublato
762 1819 836 1841 non
850 1807 930 1842 dico
941 1807 1037 1841 inter
1053 1807 1233 1851 pecudem
1252 1810 1287 1840 et
1303 1807 1507 1849 hominem,

192 1855 256 1890 sed
284 1854 381 1888 inter
398 1854 589 1888 hominem
608 1858 644 1888 et
661 1858 834 1888 trimcum
853 1858 916 1888 aut
935 1867 1066 1889 saxum
1095 1858 1159 1889 aut
1188 1854 1333 1899 quidvis
1362 1854 1506 1898 generis

191 1901 358 1936 eiusdem
371 1904 387 1936 ‘2
439 1902 566 1945 Neque
586 1901 685 1935 enim
704 1905 790 1935 sunt
807 1901 869 1936 isti
886 1901 1071 1942 audiendi,
1090 1901 1153 1946 qui
1170 1902 1347 1936 virtutem
1374 1902 1506 1936 duram

191 1952 228 1983 et
247 1949 352 1993 quasi
382 1949 539 1982 ferream
557 1960 635 1982 esse
654 1949 842 1992 quandam
860 1949 1012 1990 volunt3
1040 1960 1133 1993 quae
1163 1948 1312 1993 quidem
1343 1952 1397 1983 est
1422 1960 1508 1983 cum

190 1996 319 2030 multis
346 1995 385 2029 in
416 1995 536 2035 rebus,
554 1999 635 2029 tum
652 1995 691 2029 in
709 1995 873 2030 amicitia
902 2000 1029 2030 tenera
1047 1999 1156 2040 atque
1174 1995 1387 2037 tractabilis,
1405 1999 1447 2030 ut
1472 2000 1508 2031 et

189 2043 296 2078 bonis
307 2042 418 2077 amici
436 2043 541 2087 quasi
555 2042 781 2077 diffundatur
798 2046 833 2077 et
850 2042 1096 2078 incommodis
1110 2043 1360 2077 contrahatur.
1387 2043 1507 2086 Quam

190 2090 236 2125 ob
253 2102 333 2124 rem
351 2102 464 2134 angor
491 2090 570 2130 iste,
595 2089 659 2133 qui
684 2101 748 2134 pro
767 2090 886 2124 amico
905 2102 1011 2135 saepe
1030 2090 1230 2134 capiendus
1248 2093 1313 2130 est,
1331 2102 1407 2124 non
1423 2093 1503 2124 tan-

191 2140 274 2171 tum
291 2138 400 2178 valet,
418 2140 459 2171 ut
477 2137 582 2171 tollat
601 2149 619 2170 e
637 2136 714 2171 vita
732 2137 948 2178 amicitiam,
965 2149 1040 2172 non
1057 2137 1140 2181 plus
1159 2149 1271 2182 quam
1287 2141 1328 2171 ut
1340 2137 1506 2178 virtutes,

197 2185 283 2228 quia
301 2197 375 2219 non
394 2184 515 2218 nullas
533 2196 639 2219 ctu'as
657 2188 693 2218 et
710 2184 900 2218 molestias
918 2185 1098 2224 adferunt,
1116 2184 1365 2229 repudientur.

239 2232 342 2266 XIV.
369 2232 463 2266 Cum
489 2234 614 2265 autem
632 2231 826 2265 contrahat
852 2231 1067 2271 amicitiam,
1085 2235 1126 2265 ut
1145 2243 1254 2275 supra
1281 2231 1365 2271 dixi,
1385 2231 1416 2265 si
1433 2242 1505 2275 qua

192 2278 413 2322 significatio
425 2278 573 2313 virtutis
585 2278 737 2319 eluceat,
756 2279 802 2312 ad
815 2290 928 2323 quam
942 2290 979 2313 se
992 2278 1125 2313 similis
1138 2278 1286 2312 animus
1297 2278 1454 2322 adplicet
1468 2281 1505 2312 et

192 2326 379 2371 adiungat,
397 2326 435 2360 id
452 2337 537 2361 cum
550 2325 714 2370 contigit,
733 2337 837 2360 amor
855 2325 1039 2361 exoriatur
1055 2336 1203 2360 necesse
1218 2328 1283 2360 est.
1332 2327 1388 2360 49.
1408 2325 1504 2368 Quid
